3498 5324
698 599 857 663 ..65...

247 740 373 812 saltem
394 745 537 813 secutus
563 738 738 830 estquod
762 758 881 830 regum
911 738 1089 832 Numidiae
1108 739 1310 831 sepulcrum

246 883 312 938 suo
327 866 491 956 sepulcro
503 864 637 938 imitari
649 864 774 937 voluit.
790 867 852 937 Est
867 864 906 936 in
920 863 1088 938 Numidia
1101 863 1204 936 vallis
1219 863 1313 936 inter

248 989 389 1064 Tadutti
421 997 455 1062 et
482 990 633 1062 cinnam
654 989 805 1081 oppida,
833 990 871 1060 in
886 1008 967 1081 ¹qua
993 1008 1158 1080 magnam
1184 1007 1309 1061 necro-

247 1114 372 1206 polim,
395 1133 497 1187 muro
517 1110 682 1198 cinctam,
701 1116 768 1187 viis
787 1121 963 1198 ornatam,
981 1114 1205 1206 principibus
1222 1117 1313 1189 Mas·

249 1239 406 1331 sylorum
427 1241 542 1332 gentis
572 1239 775 1330 sepulturas
801 1237 944 1311 dedisse
968 1245 1169 1312 monstrant
1193 1239 1313 1331 magni

249 1363 386 1455 aliquot
404 1365 546 1438 tumuli.
566 1367 692 1450 Quam,
717 1363 783 1438 etsi
803 1363 1016 1436 adolevisset
1035 1363 1074 1436 in
1095 1364 1312 1437 immensum

248 1487 381 1561 avitum
401 1508 564 1580 regnum,
586 1494 705 1562 tamen
726 1495 766 1561 ut
785 1507 924 1560 sacrum
944 1489 1061 1561 locum
1083 1496 1118 1561 et
1137 1489 1312 1579 majorum

249 1619 419 1686 aeternam
445 1614 565 1687 sedem
588 1612 751 1687 deserere
772 1625 845 1686 non
864 1612 1054 1686 voluerunt
1072 1615 1192 1706 magni
1213 1632 1312 1704 reges

251 1737 467 1810 Heraclides.
490 1736 560 1811 Sed
580 1738 650 1810 sibi
670 1739 819 1828 suisque
838 1739 991 1830 posteris
1010 1740 1178 1831 praesenti
1194 1739 1315 1830 gloriae

251 1879 449 1953 congruens
463 1863 653 1936 voluerunt
666 1869 953 1936 monumentum.
971 1863 1091 1936 Fuerit
1108 1863 1254 1954 Micipsa
1268 1883 1314 1936 au

251 1986 328 2078 ipse
344 1988 534 2060 Masinissa
549 1993 671 2060 auctor
686 1987 819 2078 operis,
833 1987 924 2059 milri
934 1987 1080 2077 quidem
1096 1984 1133 2059 in
1147 1989 1315 2079 ambiguo

251 2117 325 2196 est,
347 2110 412 2184 sed
436 2112 564 2184 horum
585 2112 711 2202 utique
738 2118 937 2204 temporum
965 2130 1045 2184 esso
1075 2113 1167 2184 illud
1195 2114 1316 2185 omnia

251 2235 413 2311 indicant
437 2237 535 2329 quod
561 2255 658 2312 nunc
689 2245 833 2310 vocatur
857 2236 1069 2310 Mcdrcsec.
1100 2239 1316 2311 constater

252 2379 340 2432 cono
365 2361 462 2451 quod
487 2360 648 2453 cylindro
672 2361 896 2436 mediocriter
914 2363 987 2436 alto
1008 2371 1211 2455 suprastat3
1242 2382 1317 2436 mo·

252 2485 353 2558 dicus
373 2487 567 2578 stylobatas
587 2487 641 2558 rel
661 2488 780 2578 potius
800 2487 943 2580 crepido
961 2489 1133 2578 suhjacet,
1154 2495 1188 2560 ot
1207 2489 1317 2581 cylin-

254 2610 317 2684 dro
333 2612 427 2684 inest
442 2618 649 2703 cryptaque
667 2613 739 2684 itur
755 2612 800 2687 ad
814 2612 939 2686 cellam
955 2613 993 2683 in
1012 2614 1130 2686 medio
1147 2613 1315 2705 positam,

254 2735 317 2808 noi
334 2736 572 2809 conditorium
593 2737 671 2810 luit.
690 2738 799 2810 Moles
815 2742 933 2810 autem
949 2744 1023 2810 tota
1041 2745 1096 2810 est
1110 2756 1153 2810 ex
1168 2755 1318 2810 oaemen·

255 2861 331 2933 titio
356 2862 509 2943 incerto,
537 2862 601 2934 sed
630 2869 773 2936 omnem
800 2862 1026 2954 superficiem
1050 2863 1256 2935 orthostatas
1275 2881 1319 2934 ex

252 2984 425 3074 quadrato
445 2985 564 3075 lapide
586 2985 743 3069 iaciunt,
770 2986 1023 3077 pulcherrimi,
1046 2986 1315 3077 perfectissimi,

252 3109 383 3182 mirum
404 3109 441 3183 in
461 3107 608 3182 modum
630 3111 816 3201 compacti.
840 3112 925 3182 Pars
939 3111 1064 3182 conica
1088 3128 1152 3203 per
1170 3109 1315 3202 gradus

254 3234 428 3306 scalarum
448 3235 486 3306 in
506 3235 672 3318 modum,
693 3235 885 3319 decrescit,
911 3235 975 3308 scd
997 3241 1121 3307 trunca
1151 3254 1193 3307 ex
1220 3240 1319 3325 porte

254 3359 437 3450 superiore
455 3367 509 3432 est
531 3379 577 3435 ue
596 3361 839 3434 acuminatum
865 3360 1047 3452 lastigium
1074 3366 1207 3451 surgat.
1234 3361 1319 3432 Pars

254 3483 447 3576 cylindrica
474 3486 809 3576 pseudopteromate
838 3493 964 3558 ornata
990 3493 1043 3558 est
1066 3487 1318 3557 columnarum

255 3605 455 3681 doricarum
471 3613 550 3683 sine
572 3613 683 3694 striis,
698 3630 781 3684 cum
798 3611 963 3704 epistylio
979 3618 1013 3684 et
1029 3612 1179 3702 cymatio
1194 3610 1317 3700 nudis,

256 3733 329 3804 Hoc
347 3741 402 3806 cst
421 3738 643 3809 mausoleum
663 3738 862 3811 Masinissae
877 3745 910 3810 et
929 3744 1166 3828 posterorum.
1185 3735 1322 3806 Diamo-

256 3862 350 3930 trum
369 3859 479 3933 totius
499 3863 617 3952 operis
643 3883 732 3935 ccxx
752 3863 834 3954 ped.
863 3868 934 3946 est,
956 3861 1107 3933 altitudo
1126 3880 1158 3931 c.
1182 3861 1258 3944 Quo
1281 3857 1322 3928 lit

256 3987 295 4052 ut
323 3999 367 4054 ex
399 3984 596 4078 longinquo
623 3989 776 4079 speciem
802 3985 969 4059 immensi
992 3985 1122 4058 tumuli
1145 3983 1318 4073 premat.

255 4115 377 4206 Neque
396 4114 496 4188 aliud
519 4133 560 4186 ac
578 4115 692 4205 major
710 4114 871 4187 tumulus
892 4119 968 4195 est,
992 4118 1068 4183 arte
1095 4111 1222 4182 auctus
1244 4126 1320 4179 mu·

187 4354 190 4359 ¹
288 4375 436 4426 decentiore
450 4370 560 4426 nominc
574 4385 584 4424 .·
598 4367 748 4434 Ain-Ksar,
764 4364 963 4424 Ksar-Kalabe.

1136 4457 1154 4521 5
