3498 5324
730 610 870 668 ..7-

240 745 438 835 disputata,
462 745 523 815 ubi
546 743 632 815 satis
661 745 845 816 enucleata
863 746 975 817 333333
1002 765 1022 816 a
1042 746 1222 836 prioribus
1243 744 1358 816 visum

241 849 311 928 est,
335 842 430 914 3333
458 842 586 914 iterum
612 842 885 932 disputaverim,
907 860 948 915 33
974 845 1051 914 sola
1078 842 1357 921 retractaverim,

241 941 347 1030 plane
363 938 509 1029 quidem
524 939 586 1010 illa
600 957 641 1010 ac
655 940 848 1022 luculente,
867 959 947 1029 quae
962 942 1007 1012 ab
1023 941 1160 1030 integro
1173 938 1360 1011 revisenda

241 1044 275 1109 et
294 1036 533 1109 examinanda
552 1036 699 1108 credidi.
723 1037 825 1122 Quod
845 1038 876 1108 si
897 1039 978 1128 quis
995 1038 1126 1110 alicubi
1144 1035 1357 1109 sententiam

240 1154 261 1205 3
280 1153 359 1206 mea
379 1135 554 1206 diversam
576 1135 765 1216 invenerit,
781 1152 827 1205 ne
846 1142 978 1208 temere
995 1136 1084 1205 milri
1102 1135 1246 1224 objiciat
1262 1132 1358 1224 quod

241 1239 363 1305 contra
382 1250 460 1304 eam
480 1231 636 1303 rationes
657 1250 729 1302 non
752 1231 985 1314 adduxerim,
1008 1233 1126 1304 credat
1148 1238 1266 1302 autem
1283 1231 1356 1320 jam

241 1330 457 1402 confutatam
477 1329 522 1400 ab
546 1330 634 1409 alio,
656 1336 718 1401 aut
742 1329 859 1401 videat
880 1349 966 1400 num
992 1348 1056 1420 per
1081 1348 1120 1402 se
1145 1327 1358 1420 negligenda

241 1445 358 1498 rerum
378 1432 483 1498 antea
500 1445 520 1497 a
540 1444 597 1498 me
614 1427 854 1516 expositarum
879 1429 1027 1498 memori
1045 1433 1226 1518 appareat.
1245 1424 1359 1496 Brevi·

240 1526 304 1598 tati
333 1525 520 1596 consulere
546 1523 662 1605 volui,
688 1523 776 1595 lacta
804 1530 838 1595 et
863 1524 1016 1615 perlecta
1043 1541 1260 1604 memorare,
1284 1538 1357 1593 non

240 1621 396 1694 reficere.

290 1720 369 1791 Scio
389 1719 555 1810 equidem
571 1718 609 1788 in
625 1719 833 1810 hujusmodi
848 1720 1017 1810 operibus
1035 1719 1126 1791 mole
1141 1721 1257 1809 ipsius
1275 1718 1357 1789 libri

240 1823 274 1888 et
301 1835 430 1912 magna
461 1817 748 1888 testimoniorum
782 1824 939 1890 veterum
971 1824 1357 1905 monumentorumque

240 1914 401 2004 congerie
419 1914 514 2004 apud
532 1915 664 1985 multos
679 1922 857 1986 auctorem
873 1914 1129 1996 commendari,
1150 1915 1254 2003 quasi
1270 1920 1357 1984 stre·

239 2011 303 2082 nui
318 2031 359 2083 ac
373 2012 470 2102 longi
485 2011 619 2083 laboris
633 2011 741 2084 sidem
757 2012 987 2103 aliquomodo
1003 2012 1145 2082 iaciant.
1163 2010 1265 2097 Quod
1279 2012 1357 2101 qui-

239 2109 319 2180 dem
347 2111 385 2179 in
409 2116 539 2200 praesto
564 2116 651 2181 3333.
673 2110 773 2182 lubae
799 2111 894 2182 enim
922 2110 1118 2200 fragmenta
1143 2115 1176 2180 et
1203 2109 1359 2197 plurima

239 2206 283 2278 de
302 2225 343 2279 eo
362 2207 568 2280 testimonia
587 2215 759 2288 veterum,
778 2226 984 2298 quanquam
1005 2214 1156 2296 utraque
1173 2205 1356 2277 latendum

239 2311 292 2376 est
320 2304 453 2395 saepius
483 2324 524 2376 ex
553 2306 676 2395 paucis
702 2306 840 2386 verbis,
862 2305 1043 2377 interdum
1076 2304 1223 2375 nomine
1258 2304 1355 2379 solo.

238 2410 414 2485 constare,
432 2402 646 2475 haecomnia
665 2403 881 2493 subjungere
896 2409 930 2474 et
944 2403 982 2472 in
1002 2402 1212 2492 paginarum
1229 2401 1356 2472 seriem

238 2499 451 2591 protendere
477 2501 559 2590 quis
582 2499 719 2572 vetuit?
742 2501 913 2572 Similiter
936 2507 971 2571 et
994 2518 1179 2580 nummos,
1203 2517 1356 2587 quorum

238 2615 311 2669 non
332 2597 452 2669 minus
474 2617 633 2670 cxxxxiv
661 2597 755 2688 regis
777 2597 879 2670 lubae
902 2597 1019 2669 adbuc
1042 2598 1295 2677 innotuerunt,
1318 2602 1358 2666 ut

239 2703 453 2787 repeterem,
476 2713 673 2784 eorumque
692 2696 909 2785 catalogum,
931 2694 1041 2765 immo
1068 2695 1174 2766 etiam
1202 2692 1354 2784 figuras,

237 2793 392 2875 ederem,
410 2793 560 2865 suadere
579 2792 843 2882 quodammodo
862 2793 1050 2864 videbatur
1070 2790 1283 2880 conspicuus
1299 2807 1356 2860 eo-

238 2909 316 2962 rum
340 2892 378 2962 in
399 2892 575 2963 icositano
594 2893 725 2963 Musaeo
744 2909 917 2961 numerus
937 2888 1005 2982 (l).
1027 2890 1189 2978 lienique
1208 2894 1243 2958 et
1261 2887 1356 2958 tituli

238 2990 318 3079 plus
339 2989 458 3060 minus
475 2988 610 3060 adrem
626 2995 785 3060 nostram
802 2994 1002 3078 spectantes
1018 2987 1134 3076 colligi
1150 2992 1185 3056 et
1202 2982 1355 3056 describi

238 3093 402 3176 poterant
432 3110 440 3155 ε
469 3105 535 3158 neo
562 3086 711 3157 dubium
740 3086 845 3175 quin,
877 3086 943 3157 bau
966 3083 1069 3154 tertia
1095 3088 1130 3153 33
1153 3100 1233 3170 quae
1258 3080 1356 3152 haud

238 3184 416 3256 modicum
443 3183 571 3274 exigua
604 3183 751 3255 materia
780 3183 934 3272 spatium
969 3181 1129 3251 obtineat
1159 3177 1356 3268 appendice

236 3288 443 3362 exornatus,
458 3280 627 3370 grandem
643 3281 680 3350 in
697 3280 827 3351 librum
847 3279 1013 3350 crevisset
1028 3278 1089 3367 qui
1105 3295 1202 3347 nune
1222 3275 1356 3347 medio·

238 3379 399 3451 eriserit
428 3378 585 3450 libellus.
609 3379 744 3449 Placuit
769 3385 887 3449 autem
909 3377 965 3448 bis
991 3374 1129 3446 artibus
1148 3392 1279 3464 paucas
1299 3393 1355 3446 res

238 3496 360 3557 novas,
374 3476 510 3546 nullam
527 3477 644 3566 magni
660 3476 844 3557 momenti,
856 3474 901 3545 ad
917 3474 1124 3545 thesaurum
1140 3492 1161 3542 a
1175 3471 1355 3562 prioribus

234 3576 306 3664 jam
329 3580 571 3664 comparatum
592 3574 743 3644 allatura
761 3573 909 3644 omnino
924 3571 1104 3643 abstinere
1126 3595 1134 3640 :
1155 3571 1352 3660 praesertim

238 3691 349 3761 quum
370 3690 495 3744 omnes
516 3672 630 3742 333333
644 3691 665 3741 3
680 3670 859 3742 Muelleris
876 3669 963 3760 quid
978 3669 1026 3740 sit
1039 3667 1246 3758 petendum,
1264 3666 1354 3758 trag·

237 3777 395 3841 mentae
416 3768 541 3840 333333
562 3766 630 3860 (i),
652 3789 673 3839 a
692 3768 868 3839 Ludovioo
888 3784 1069 3838 nummos.
1092 3769 1119 3837 E
1139 3765 1252 3837 titulis
1272 3784 1353 3837 vero

238 3869 300 3958 qui
317 3867 444 3938 tubam
465 3884 595 3938 uxores
616 3866 747 3939 liberos
767 3865 938 3937 iamiliam
956 3865 1033 3954 eJus
1053 3870 1351 3946 commemorant,

270 4137 302 4200 [ll
319 4137 387 4200 Typi
409 4141 470 4186 sunt
492 4138 559 4186 33333
583 4150 611 4185 33
630 4135 728 4184 diversi
751 4133 854 4194 XXIV,
873 4147 984 4196 quorum
1002 4131 1026 4181 ll
1043 4135 1075 4182 ab
1091 4133 1124 4182 iis
1137 4132 1182 4194 qui
1197 4147 1212 4180 3
1227 4130 1353 4182 Muellero

237 4201 299 4250 editi
315 4206 377 4250 sunt
391 4200 580 4262 aliquantulum
596 4199 754 4259 discrepant.

270 4263 301 4325 (3)
324 4261 411 4324 Hujus
434 4262 544 4334 sylloge,
567 4261 629 4310 licet
652 4260 771 4308 33331333
792 4260 864 4307 nullo
885 4258 962 4308 modo
981 4259 1034 4320 jam
1058 4257 1112 4307 diei
1137 4257 1238 4320 poscit,
1265 4261 1352 4305 333333

237 4339 341 4389 semper
354 4325 380 4373 in
396 4324 566 4374 citationibus
581 4337 595 4372 3
613 4321 689 4371 nobis
701 4320 881 4377 adhibebitur.
903 4324 933 4369 ut
949 4332 1009 4382 quae
1025 4320 1157 4382 prioribus
1172 4319 1304 4367 melioret
1320 4321 1352 4366 ab

238 4390 271 4438 333
285 4387 408 4438 omnibus
422 4389 484 4435 nota
498 4385 532 4434 333
547 4386 591 4448 qui
609 4383 707 4432 uostris
722 4382 860 4444 indulgent
874 4382 979 4431 studiis.
