3498 5324
887 563 1045 622 ..16-

433 698 590 776 lentibus
611 701 837 792 Carthagine,
859 702 962 791 Tyro,
985 706 1019 771 et
1038 701 1203 791 pluribus
1223 701 1260 771 in
1283 702 1448 773 Sardinia
1467 707 1501 774 et

432 829 470 898 in
497 827 618 899 Sicilia
643 825 786 917 populis
806 821 875 918 (l).
904 825 1101 897 Melkarthe
1125 832 1164 896 ut
1189 832 1314 899 notum
1341 834 1395 900 est
1421 846 1500 898 cum

432 952 581 1024 Hercule
602 950 768 1033 contuso,
790 968 910 1042 regum
928 950 1162 1041 Massylorum
1179 952 1277 1042 origo
1292 951 1387 1025 inter
1407 955 1501 1025 Grae·

432 1091 553 1146 corum
570 1052 729 1156 lahulas,
744 1072 919 1163 jamdiua
939 1074 1109 1145 Romanis
1129 1081 1233 1147 notas
1254 1083 1288 1147 et
1309 1095 1393 1148 suas
1414 1096 1501 1166 quo·

432 1198 622 1271 dammodo
643 1197 765 1280 lactas,
787 1199 904 1269 locum
925 1197 1026 1268 tacite
1044 1197 1214 1282 obtinuit,
1233 1207 1273 1272 ut
1287 1218 1368 1290 quae
1385 1219 1406 1272 a
1425 1200 1499 1272 filio

326 1354 328 1358 ·
431 1322 477 1393 ah
500 1323 649 1393 Hercule
668 1339 711 1394 eu
731 1322 846 1394 Antaei
871 1321 1045 1393 interlecti
1071 1341 1183 1394 uxore
1199 1324 1319 1415 genito
1344 1325 1499 1396 trahere·

431 1453 500 1517 tur.
524 1448 731 1518 consensus
751 1445 795 1518 de
814 1446 1024 1518 nominihus
1051 1447 1173 1520 nullus
1204 1471 1211 1518 :
1240 1465 1322 1519 nam
1351 1455 1499 1521 matrem

431 1571 560 1663 Tingin
591 1573 707 1643 filium
741 1573 937 1664 saphatam
965 1573 1057 1643 luha
1090 1580 1233 1646 auctore
1265 1574 1497 1657 Plutarchus,

431 1702 579 1768 matrem
604 1696 779 1789 lphinohn
804 1695 919 1769 silium
942 1697 1180 1769 Palaemonem
1201 1697 1421 1790 Pherecydes
1441 1716 1499 1769 vo·

431 1799 604 1914 cantii),
626 1821 687 1892 alii
707 1828 825 1894 autem
847 1823 981 1895 lolatim
1002 1822 1191 1894 Mellarthi
1218 1842 1262 1894 en
1288 1822 1411 1895 Cirtha
1427 1840 1497 1894 na·

429 1954 504 2019 tum
520 1943 572 2040 (5)
596 1947 777 2019 dixerunt.
800 1949 945 2030 Verum,
965 1949 1167 2043 Pherecyde
1188 1950 1342 2032 omisso,
1365 1949 1427 2039 qui
1448 1949 1499 2019 nil

430 2072 500 2143 nisi
528 2073 742 2162 coniungere
768 2073 899 2144 arctius
926 2074 1019 2144 hanc
1040 2082 1200 2145 nostram
1229 2077 1430 2146 Graecorum
1451 2073 1500 2144 la-

429 2196 526 2266 hulis
546 2195 724 2267 nobiliora
745 2196 981 2268 adscribendo
1002 2198 1150 2269 nomina
1169 2199 1299 2280 voluit,
1319 2199 1400 2272 dure
1422 2219 1497 2272 res-

430 2325 506 2390 tant
527 2320 727 2390 sententiae.
751 2322 907 2406 Quarum
932 2322 1033 2393 facilc
1060 2323 1336 2414 discrepantiam
1361 2325 1498 2395 nullam

430 2463 509 2516 csse
533 2445 774 2527 existimabis,
804 2447 937 2518 caveris
958 2448 1064 2519 inodo
1091 2467 1137 2519 ne
1165 2449 1247 2521 duae
1271 2450 1365 2521 inter
1390 2469 1428 2522 sc
1447 2449 1499 2520 di·

429 2588 540 2641 uersae
559 2589 615 2641 res
636 2570 914 2654 confundantur.
940 2573 1020 2645 Fuit
1039 2573 1135 2645 enim
1156 2576 1280 2666 procul
1300 2573 1410 2646 dubio
1429 2581 1499 2646 tra-

430 2694 543 2765 ditum
569 2694 664 2766 idem
689 2695 733 2766 de
759 2673 936 2767 variorum
959 2697 1080 2789 Lihyae
1099 2700 1313 2789 populorum
1334 2700 1497 2789 regibus,

429 2819 467 2891 io
486 2827 541 2892 est
559 2819 605 2890 ah
623 2821 773 2892 Hercule
792 2822 953 2911 genitos3
976 2823 1100 2894 matris
1125 2831 1245 2896 autem
1263 2830 1410 2914 apparet
1430 2843 1496 2894 no-

429 2965 511 3018 men
532 2946 577 3017 ad
596 2948 754 3017 locorum
771 2947 1056 3018 convenientiam
1078 2954 1112 3019 et
1131 2948 1284 3039 priscam
1306 2949 1421 3040 gentis
1442 2968 1500 3020 cu-

424 3071 557 3161 J‘usque
590 3071 777 3142 historiam
807 3071 996 3142 lormatum
1023 3097 1030 3142 :
1053 3079 1092 3143 ut
1117 3072 1274 3143 Cirtham
1302 3072 1423 3144 lahula
1449 3073 1497 3144 la·

365 3260 368 3272 .
429 3202 521 3266 cenet
541 3203 618 3267 orta
635 3196 731 3286 apud
751 3196 938 3287 Massylus,
958 3198 1116 3269 Cirtham
1137 3198 1261 3269 urbem
1284 3197 1498 3288 pracipuam
1566 3203 1569 3212 '

429 3309 620 3402 hahentes,
644 3321 771 3411 Tingin
792 3340 873 3392 vero
894 3321 990 3411 apud
1005 3323 1243 3413 Massaesylos
1262 3321 1372 3394 immo
1392 3323 1497 3394 etiam

429 3444 525 3535 apud
550 3445 712 3525 Mauros,
735 3445 869 3534 quihus
894 3453 1027 3528 tractus
1056 3447 1102 3518 ad
1128 3447 1321 3519 Occiduum
1353 3465 1499 3538 vergens

429 3568 529 3659 Tingi
558 3574 663 3640 tenus
695 3571 895 3642 tenebatur.
926 3571 979 3642 hcl
1009 3572 1151 3643 Mauros
1182 3572 1330 3644 omnino
1361 3572 1500 3669 videtur

396 3755 398 3758 ,
429 3693 636 3766 referendus
665 3695 764 3766 locus
790 3696 891 3767 luhae
919 3697 1010 3786 regis
1036 3716 1057 3768 a
1089 3699 1277 3769 Plutarcho
1301 3697 1496 3787 repetitos,

429 3819 490 3908 qui
511 3837 584 3891 non
604 3837 684 3890 eum
707 3819 865 3909 seipsum
887 3820 1021 3892 dixisse
1049 3841 1069 3891 a
1095 3823 1255 3912 Sophacc
1276 3829 1414 3904 ortum,
1438 3821 1500 3892 sed

428 3943 478 4014 ita
505 3944 676 4016 creditum
700 3945 830 4029 luisse,
853 3947 923 4029 ait,
946 3946 1065 4018 lorsan
1095 3966 1173 4018 cum
1199 3947 1379 4019 veteribus
1404 3948 1499 4018 Mau·

458 4171 492 4235 (r)
506 4170 573 4230 non,
589 4171 673 4231 era,
690 4169 804 4232 novus,
817 4147 975 4229 ottonum,
989 4173 1024 4228 n.
1043 4189 1066 4236 ρ.
1083 4172 1199 4234 aon-aot,
1216 4187 1241 4222 n.
1259 4173 1317 4235 ¹553
1334 4172 1420 4235 nun,
1433 4171 1496 4222 toro.

459 4259 492 4323 (P)
509 4258 591 4321 Prot,
605 4261 716 4320 Sortem,
733 4259 763 4315 9;
779 4257 944 4322 Ρὴετεογά.,
961 4275 1003 4325 op.
1021 4259 1141 4325 tyrophr.
1158 4261 1235 4311 solrcl.

458 4351 492 4414 (3)
506 4350 639 4414 ΑροΙΙοά.,
656 4349 690 4410 11,
708 4349 731 4410 7,
747 4349 771 4400 8.
