3498 5324
691 557 850 619 -69-

238 709 274 776 et
306 698 641 792 magnitudinem,
673 702 713 769 ut
740 696 864 768 multis
893 694 1055 779 videtur,
1090 703 1188 779 arte,
1222 715 1303 786 quae

239 846 326 899 sanc
346 825 541 915 elegantior
561 829 627 895 est.
655 823 740 894 Utut
768 827 822 892 est
848 819 989 892 vincere
1012 819 1124 892 iateor
1146 819 1215 892 loci
1235 838 1300 913 op·

236 951 468 1044 portunitato.
497 949 575 1020 Stat
600 946 695 1020 enim
722 947 761 1016 in
788 945 933 1017 collium
960 945 1045 1035 jugo
1074 963 1154 1035 quae
1181 964 1202 1017 a
1228 943 1302 1019 Cae·

237 1095 339 1149 saroa
369 1075 415 1147 ad
447 1073 601 1147 Icosium
629 1071 737 1144 maris
765 1071 876 1143 littori
904 1071 1190 1161 supereminent,
1221 1079 1303 1145 eto

237 1201 440 1274 vastissimo
460 1206 573 1273 tractu
597 1197 714 1289 pelagi
736 1204 911 1286 terraeque
930 1196 1098 1268 cernitur.
1126 1196 1209 1268 ldeo
1228 1194 1300 1268 lor-

236 1345 303 1399 san
329 1326 441 1396 multo
475 1323 643 1415 inclytius
676 1320 773 1413 apud
801 1327 935 1393 veteres
968 1321 1167 1412 permansit
1193 1339 1302 1413 quam

237 1452 439 1542 sepulcrum
455 1468 577 1540 regum
593 1446 783 1520 Numidiae.
803 1447 873 1518 Nec
886 1446 999 1537 gloria
1013 1445 1202 1536 indignum
1218 1453 1273 1520 ost
1290 1472 1298 1519 :

237 1593 321 1648 nam
348 1592 459 1665 prope
485 1574 631 1645 unicum
657 1577 772 1644 exstat
794 1572 881 1643 artis
905 1571 943 1643 in
967 1572 1186 1643 Mauretania
1210 1591 1301 1665 opus

237 1718 317 1791 quae
337 1717 411 1770 non
431 1697 579 1769 omnino
601 1713 749 1766 romana
767 1701 829 1766 aut
848 1713 960 1786 graeca
986 1677 1047 1767 aot
1075 1695 1207 1786 punica
1231 1695 1298 1781 sit,
1382 1671 1386 1681 ¹

237 1823 318 1906 scd,
339 1822 477 1913 aliquid
505 1841 548 1893 ex
572 1822 725 1913 singulis
750 1821 921 1892 hauriens
944 1827 979 1892 et
1002 1819 1140 1911 aliquid
1163 1819 1300 1892 addens

235 1949 438 2039 proprium,
460 1947 582 2019 forsan
606 1965 669 2037 por
694 1964 734 2016 se
758 1952 852 2018 stare
877 1947 1066 2036 potuisset.
1088 1946 1180 2017 luha
1204 1945 1300 2016 enim

235 2071 407 2144 acciverat
426 2089 469 2143 ex
489 2069 617 2142 alienis
637 2069 780 2161 populis
796 2069 976 2161 quidquid
995 2069 1198 2159 exemplum
1216 2068 1301 2141 dare

132 2176 134 2178 ⁵
235 2205 296 2269 aut
314 2197 530 2269 industriam
551 2196 723 2268 suscitare
742 2203 903 2287 poterat3
923 2202 957 2267 et
975 2196 1116 2275 forsan,
1136 2193 1300 2284 aliquan·

235 2322 297 2394 diu
311 2321 548 2394 imitationem
564 2321 707 2392 illorum
726 2321 855 2402 secuti,
874 2327 909 2392 ct
925 2321 1041 2411 ipsius
1055 2325 1160 2391 terrae
1175 2319 1301 2392 incolae

145 2491 148 2498 -
237 2448 420 2539 proprium
441 2446 581 2536 aliquid
602 2464 719 2518 creare
739 2445 949 2517 valuissent.
977 2443 1080 2531 Quod
1098 2461 1203 2526 vcro,
1225 2444 1300 2533 jam

233 2587 295 2663 per
319 2591 357 2642 se
375 2570 547 2653 dubium,
565 2569 636 2642 lata
661 2571 760 2641 hreni
777 2571 1062 2660 interceperunt,
1080 2569 1301 2642 Mauretania

235 2695 273 2766 in
288 2695 463 2767 ditionem
479 2695 601 2784 populi
618 2693 758 2765 romani
777 2692 931 2765 redacta.
948 2691 1189 2765 Saltcmluhae
1204 2711 1301 2763 mau-

236 2820 373 2892 soleum
392 2819 498 2892 etiam
514 2818 714 2890 imitatione
730 2817 878 2909 dignum
894 2824 975 2909 post
990 2818 1119 2889 saecula
1133 2818 1237 2907 plura
1252 2817 1300 2888 vi·

236 2942 1296 3033 sumcst;etaevolahcnte,cadenteimpcrioipsaqueRoma,

233 3071 345 3142 Mauri
357 3068 483 3160 reguli,
502 3068 713 3160 inpartibus
726 3067 933 3159 Juhaequod
949 3069 1063 3141 luerat
1073 3067 1173 3156 regni
1188 3086 1300 3140 remo·

235 3195 294 3279 tis,
310 3195 419 3285 hujus
435 3185 481 3265 ad
493 3194 675 3285 exemplar
690 3195 793 3285 plura
808 3212 926 3284 neque
938 3193 1056 3283 turpia
1067 3199 1300 3265 monumenta

235 3326 269 3393 et
285 3319 355 3409 ipsi
371 3320 541 3392 lecerunt.
561 3323 656 3403 Hac,
675 3318 817 3406 Dp'aclor
830 3337 926 3390 nunc
944 3318 1123 3409 appellata
1136 3325 1170 3390 et
1188 3320 1300 3410 aqui·

233 3442 388 3516 busdam
406 3444 479 3534 iam
499 3444 589 3525 visa,
612 3444 690 3534 ipse
710 3463 773 3535 ego
793 3449 827 3515 et
844 3442 1018 3533 descripsi
1037 3449 1072 3515 ct
1090 3442 1223 3516 tabulis
1243 3463 1300 3517 ex·

234 3570 363 3660 pressi,
373 3576 420 3653 et,
433 3569 687 3660 quanquamin
700 3568 925 3660 pyramidum
940 3565 1035 3663 (quae
1052 3569 1166 3641 lorma
1178 3568 1298 3656 minus

235 3692 347 3766 doctis
365 3693 563 3766 artificibus
581 3700 763 3766 exstructu
782 3692 918 3766 facilior
934 3691 999 3786 est)
1019 3691 1169 3784 figuram
1183 3697 1298 3766 erecta

233 3819 320 3903 sint,
338 3819 418 3891 sine
432 3819 542 3891 dubio
560 3819 608 3890 ad
623 3821 805 3910 exemplar
819 3819 950 3891 lobeni
966 3837 1044 3892 esse
1060 3819 1206 3910 cognovi
1230 3817 1294 3914 (l).

243 4097 245 4106 ι
264 4071 297 4136 (l)
315 4073 411 4138 Legat,
427 4074 451 4124 si
469 4075 529 4138 quis
543 4075 575 4125 de
595 4075 732 4126 llodrnaan
746 4074 894 4125 absolutam
908 4073 1030 4124 notitiam
1044 4073 1139 4137 quaerit
1153 4088 1184 4124 ea
1195 4087 1256 4137 quae
1270 4075 1298 4126 iu

233 4161 300 4211 actis
311 4162 447 4214 Soctctott‘s
459 4163 644 4226 arataotopna
656 4164 892 4215 Constantinianus
904 4163 987 4213 edidit
995 4167 1119 4213 strenuus
1128 4163 1170 4212 vir
1178 4161 1297 4226 Baunon,

236 4249 351 4312 leta-tt,
366 4265 394 4316 p.
407 4251 533 4313 tol-353,
546 4267 609 4304 cum
627 4254 736 4317 optimis
752 4254 865 4316 tabulis;
882 4253 915 4302 dc
928 4251 1214 4312 libant-erdlonmt'nlt,
1230 4251 1297 4302 Ber-

236 4339 477 4403 bruggerusfuaias
492 4343 608 4406 scripsit,
618 4343 649 4391 La
664 4342 786 4392 Tomitana
802 4344 831 4391 de
841 4341 866 4392 lo
879 4342 1038 4402 Ghtttiannt,
1053 4339 1139 4397 lcosii,
1154 4340 1220 4401 1868,
1235 4355 1297 4391 cum
