3490 5318
881 563 1061 624 -llt-

438 709 514 778 mili
534 713 594 778 aut
612 704 813 777 necessaria
831 701 1055 783 oonlerebat;
1078 721 1181 785 mox,
1204 703 1377 796 originem
1397 705 1499 778 intla-

437 850 542 925 gans,
569 830 641 901 lere
673 846 833 918 semper,
860 833 899 899 ut
933 827 1095 899 solebant
1128 826 1270 899 illorum
1302 835 1500 920 temporum

436 963 618 1035 auctores,
640 973 659 1027 e
681 953 814 1025 Graecia
832 951 878 1024 ad
899 953 1076 1025 Romanos
1095 953 1370 1044 transmigrasse
1395 955 1499 1028 insti·

437 1086 567 1161 tutum,
582 1096 676 1169 saepe
689 1095 833 1167 quoque
848 1094 994 1160 nomen,
1012 1076 1178 1159 docebam
1192 1076 1289 1149 baud
1302 1097 1381 1149 raro
1395 1080 1500 1152 etiam

436 1203 604 1294 tangebat
622 1202 772 1272 aliarum
792 1203 951 1290 gentium
973 1219 1028 1272 res
1049 1219 1166 1273 mores
1182 1201 1382 1274 historiam.
1401 1203 1502 1276 Unde

437 1327 477 1399 lit
492 1332 532 1399 ut
545 1325 688 1397 illorum
705 1325 767 1414 qui
782 1323 878 1415 apud
892 1341 958 1397 nos
976 1321 1235 1394 Dietioooaires
1247 1322 1307 1393 des
1320 1325 1502 1416 antiquitis

436 1456 607 1522 vocantur
625 1448 726 1521 tubae
743 1448 835 1520 liber
852 1466 984 1520 munus
1004 1448 1100 1539 apud
1122 1455 1257 1521 veteres
1277 1449 1500 1523 sustinuerit.

438 1576 488 1647 lta
514 1593 555 1648 eo
584 1573 810 1645 Plutarchum
835 1590 939 1678 usum
964 1572 1075 1645 luisse
1098 1573 1171 1662 jam
1202 1574 1412 1658 memoravi,
1440 1592 1504 1647 neo

438 1700 612 1771 minorem
632 1696 728 1789 apud
747 1697 1015 1788 lexicographos
1036 1697 1320 1788 soboliastasque
1339 1706 1373 1771 et
1389 1717 1501 1790 gram·

438 1824 585 1896 matioos
599 1823 751 1894 favorem
769 1821 1027 1912 posterioribus
1043 1822 1184 1894 saeoulis
1200 1822 1370 1895 obtinuit.
1382 1824 1500 1914 Ipsum

438 1966 581 2039 quoque
606 1953 785 2019 auotorem
816 1947 853 2018 in
878 1943 1038 2016 Historia
1066 1967 1219 2016 sorriana
1246 1947 1503 2048 conscribenda

437 2093 479 2146 er
500 2092 540 2146 eo
560 2073 751 2165 particulas
771 2071 970 2161 sumpsisse
989 2070 1162 2153 vidimus,
1184 2070 1281 2143 unde
1306 2073 1413 2144 etiam
1438 2071 1499 2145 de·

438 2202 683 2270 monstrantur
706 2191 906 2288 ‘opsita-osse
923 2201 1006 2266 ante
1026 2213 1103 2268 eam
1122 2196 1263 2285 scriptae
1282 2196 1382 2268 nullo
1398 2196 1502 2268 modo
1547 2277 1550 2282 ¹

437 2319 617 2411 appendix
637 2317 761 2404 luisse,
785 2325 824 2389 ut
844 2317 991 2407 quidam
1008 2320 1244 2409 oonjeeerant.

488 2443 674 2516 librorum
698 2442 849 2514 duorum
883 2461 974 2532 quos
1000 2441 1056 2512 De
1079 2440 1240 2534 Assyriis
1268 2445 1397 2517 fecerat
1420 2464 1459 2516 se
1483 2465 1503 2516 a

439 2571 567 2640 Beroso
591 2568 775 2639 materiam
795 2573 996 2639 mutuatum
1016 2567 1107 2658 ipse,
1131 2568 1282 2641 testibus
1303 2569 1450 2642 'tatiano
1471 2577 1504 2641 et

438 2693 618 2765 Clemente
647 2691 911 2774 Alexandrino,
940 2691 1117 2764 fatebatur
1154 2691 1232 2786 (l);
1262 2711 1379 2783 neque
1405 2693 1504 2766 aliud

437 2819 556 2890 forsan
577 2818 616 2887 in
636 2823 756 2889 mente
774 2816 948 2888 babuerat
969 2835 1076 2906 quam
1096 2835 1186 2907 opus
1206 2817 1363 2890 Chaldaei
1384 2835 1500 2890 saeer-

437 2942 531 3014 dotis
551 2942 588 3012 in
608 2940 805 3011 breviorem
826 2940 1073 3031 potioremque
1093 2941 1242 3014 formam
1263 2941 1443 3014 reducere.

449 3113 452 3120 ·
485 3067 583 3156 Opus
602 3062 657 3136 De
676 3061 816 3134 Arabio
841 3069 877 3134 at
902 3062 1008 3135 terris
1030 3063 1272 3156 offerentibus
1294 3065 1340 3138 ad
1360 3065 1398 3138 C.
1426 3068 1501 3140 Cae·

437 3206 553 3261 sarom
576 3188 664 3279 bug.
683 3188 709 3258 l.
736 3184 783 3280 (i)
808 3187 953 3277 quando
973 3195 1007 3260 et
1030 3207 1092 3260 our
1117 3190 1287 3281 seriptum
1308 3187 1415 3263 luerit
1430 3191 1502 3280 jam

438 3330 546 3404 supra
568 3315 812 3404 exposuimus.
836 3315 956 3404 lpsum
978 3313 1106 3386 tubam
1132 3322 1267 3406 partem
1291 3333 1412 3387 earum
1436 3322 1502 3386 ter·

438 3456 557 3509 rarum
584 3438 717 3511 vidisse
742 3438 1071 3528 probabilissimum
1100 3440 1277 3522 diximus.
1304 3447 1339 3512 et
1358 3459 1399 3512 ea
1423 3458 1503 3529 quae

437 3580 510 3634 non
529 3562 617 3635 vidit
636 3580 679 3633 er
699 3563 857 3652 priorum
873 3563 1043 3654 operibus
1063 3562 1255 3657 (quidquid
1274 3563 1358 3636 inde
1377 3584 1399 3634 a
1415 3571 1502 3635 tem-

437 3704 523 3777 pore
547 3685 739 3758 Alexandri
768 3687 885 3778 Magni
916 3689 1086 3778 seriptum
1113 3688 1227 3760 luerat
1254 3706 1395 3760 summa
1421 3707 1503 3760 eura

436 3807 631 3901 excutiens)
656 3809 916 3900 desumpserat.
938 3813 1120 3901 Nusquam
1142 3811 1232 3884 allas
1251 3812 1348 3904 apud
1367 3819 1501 3884 veteres

436 3939 574 4006 tantum
595 3933 639 4006 de
659 3933 864 4025 regionibus
883 3933 955 4006 illis
971 3935 1164 4018 invenitur,
1188 3943 1221 4008 et
1240 3936 1286 4008 ab
1306 3954 1347 4008 eo
1364 3935 1500 4007 Plinius

456 4245 502 4332 ¹(l)
519 4241 579 4295 Vid.
597 4243 679 4304 illitt,
696 4243 791 4307 bugin.
808 4239 848 4303 il,
864 4239 902 4296 ii.

469 4338 504 4398 (i)
519 4335 622 4399 Fragm.
636 4335 722 4385 36-67.
