3498 5324
869 565 1029 628 ..58-

417 714 530 790 stant,
553 714 587 779 et
607 706 744 798 romani
765 703 827 795 qui
850 711 1044 796 cernuntur
1067 705 1179 796 multo
1203 713 1283 802 post
1301 708 1348 780 ad
1368 709 1480 781 inolu-

417 830 534 922 denda
551 837 651 905 extra
666 829 880 922 pomerium
897 835 1029 901 structa
1040 829 1114 918 jam
1130 829 1251 901 forsan
1267 851 1288 902 a
1305 832 1481 926 principio

415 955 567 1030 aedilitia
586 954 742 1028 iuohoati
762 961 865 1038 sunt,
888 960 922 1026 et
941 954 1096 1026 absoluti
1116 961 1177 1026 aut
1201 955 1321 1028 relecti
1348 960 1480 1049 Byzan·

416 1080 502 1158 tinis
529 1080 813 1154 dominantibus,
842 1079 1071 1152 circumdant
1099 1079 1124 1151 ii
1152 1081 1330 1174 quidquid
1355 1082 1481 1155 olivio

411 1207 497 1298 jugo
517 1205 692 1279 montium
712 1204 793 1296 plus
813 1222 921 1296 quam
941 1223 1030 1275 ucxx
1054 1204 1136 1294 ped.
1158 1205 1311 1277 altorum
1335 1204 1480 1300 (quibus

417 1331 585 1422 imposita
599 1335 653 1402 est
667 1336 838 1402 montana
850 1327 995 1421 grandis
1015 1328 1217 1419 planitiesa
1239 1331 1371 1422 populo
1387 1330 1480 1403 dioto

415 1453 710 1526 Beni-Meousser
734 1451 913 1548 oeoupata)
938 1453 1122 1526 deseendit
1147 1454 1194 1526 ad
1222 1454 1322 1527 littus
1350 1455 1479 1542 maris,

351 1647 361 1658 .
417 1581 513 1672 quod
537 1598 696 1672 praeueps
722 1579 866 1674 pendet.
891 1580 1004 1670 Hujus
1032 1579 1111 1650 olivi
1139 1598 1222 1671 pars
1247 1579 1394 1652 interior
1420 1588 1481 1654 aut

416 1707 487 1779 lere
508 1713 570 1778 aut
589 1705 736 1779 omnino
757 1705 864 1796 plena
887 1711 960 1783 est,
982 1709 1090 1795 atque
1110 1703 1160 1775 ibi
1180 1707 1350 1778 continua
1368 1705 1481 1778 aedill·

413 1831 479 1912 oia‚
502 1830 640 1921 reliquo
661 1829 776 1922 spatio
797 1847 870 1901 non
890 1829 940 1901 ita
956 1828 1161 1919 frequentor
1177 1829 1350 1912 habitato,
1368 1830 1481 1920 maior

414 1958 598 2028 ruinarum
616 1972 788 2027 numerus
804 1953 950 2026 indicat.
969 1952 1043 2025 Sub
1059 1953 1173 2046 ipsam
1189 1954 1314 2026 urbem
1330 1955 1368 2025 in
1385 1973 1482 2026 mare

413 2080 603 2153 mediocris
623 2079 815 2171 peninsula
833 2078 965 2160 tendit,
984 2096 1065 2168 quae
1084 2085 1209 2170 portus
1230 2086 1329 2153 extra
1348 2081 1482 2152 moenia

377 2201 380 2207 '
414 2203 567 2276 faciendi
583 2210 616 2275 et
630 2209 706 2275 tuto
724 2204 810 2274 etin
827 2203 985 2294 amplum
1000 2203 1302 2295 opportunitatem
1319 2203 1478 2277 dederat.

416 2330 543 2402 Portus
563 2334 638 2400 erat
657 2325 807 2419 triplex,
830 2326 1069 2419 interiorque
1094 2326 1201 2399 hodie
1224 2328 1352 2400 relecto
1375 2334 1482 2400 utun·

415 2460 493 2534 tur,
519 2453 671 2528 exterior
690 2453 792 2543 oujus
812 2452 942 2526 molem
963 2451 1093 2542 partim
1113 2452 1231 2524 adhue
1249 2471 1393 2526 eernere
1412 2459 1478 2533 est,

416 2585 450 2650 et
473 2578 602 2649 oothon
629 2584 704 2649 arte
730 2584 868 2649 oreatus
892 2577 992 2666 cuius
1021 2576 1153 2650 inditia
1176 2584 1329 2649 exstant.
1352 2577 1483 2651 llloenia

415 2708 533 2774 autem
550 2709 703 2792 quatuor
719 2709 838 2793 portas
855 2703 1009 2784 habent,
1021 2702 1147 2774 saltem
1164 2710 1317 2793 quatuor
1334 2709 1483 2794 repertae

416 2833 521 2910 sunt,
542 2844 677 2918 perque
698 2826 825 2898 urbem
849 2825 1026 2898 transibat
1048 2825 1105 2896 via
1124 2826 1224 2899 littus
1248 2826 1482 2900 Mauretania-

415 2969 494 3024 rum
515 2970 536 3021 a
555 2949 769 3042 Carthagine
791 2949 893 3042 Tingi
913 2957 1051 3035 secuta,
1074 2957 1108 3022 et
1129 2952 1209 3026 aliae
1228 2953 1349 3044 plures
1367 2951 1482 3023 mino·

416 3095 472 3149 res
485 3076 531 3149 ad
544 3078 620 3150 looa
634 3083 695 3169 aut
710 3076 826 3149 vieina
836 3082 899 3147 aut
910 3075 1107 3168 longinqua
1124 3076 1340 3151 tendebant:
1356 3095 1481 3150 omnes

379 3237 385 3250 ·
415 3201 659 3293 compluribus
694 3199 867 3294 sepulcris
902 3218 1058 3293 sequens
1095 3208 1237 3292 tempus
1275 3201 1479 3284 exornavit,

415 3325 509 3397 inter
537 3345 618 3416 quae
649 3326 792 3398 inventa
820 3324 965 3397 luerunt
991 3325 1200 3398 libertorum
1227 3325 1356 3401 domus
1379 3326 1483 3417 regiae

416 3449 647 3524 columbaria.

466 3577 609 3649 Temere
629 3575 729 3648 laetae
748 3575 958 3648 effossiones
978 3574 1169 3647 multarum
1191 3575 1306 3648 etatis
1327 3593 1483 3648 romanae

415 3700 634 3788 autlultanae
644 3700 832 3772 domorum
844 3699 991 3791 vestigia
1001 3708 1232 3792 aperuerunt,
1246 3719 1328 3791 quae
1337 3699 1482 3790 quidem

416 3844 490 3898 non
505 3825 626 3898 omnia
640 3824 811 3898 latebant.
826 3823 1008 3915 Quidquid
1025 3830 1143 3896 autem
1160 3843 1269 3915 supra
1280 3824 1395 3896 solum
1409 3831 1484 3896 erat

413 3950 553 4043 jamdiu
572 3950 618 4023 ad
642 3949 867 4023 munimenta
885 3956 947 4022 aut
971 3949 1041 4020 alia
1066 3947 1218 4022 aedilitia
1243 3948 1485 4022 construenda

417 4075 627 4166 demolitum
653 4081 720 4148 est.
747 4077 811 4148 Est
835 4073 1011 4147 hodierna
1035 4073 1221 4147 Cherohell
1244 4073 1372 4150 referta
1397 4072 1485 4164 frag·

417 4201 547 4274 mentis
568 4199 750 4292 antiquis,
772 4200 971 4282 columnis,
994 4199 1243 4292 sarcophagis,
1266 4197 1460 4290 sculpturis

410 4324 640 4432 titulisque
651 4342 777 4420 parurn
789 4331 850 4396 aut
860 4322 953 4396 nihil
966 4323 1229 4396 custodiuntur.
1242 4324 1352 4398 Erant
1364 4329 1482 4398 autem
