3490 5318
722 571 881 636 ..97-

266 711 419 802 jacebat,
442 711 564 802 spuria
583 719 682 802 patre
700 711 801 784 nullo
822 719 856 785 et
875 717 987 782 matre
1010 711 1186 801 mancipio
1206 714 1330 802 populi

269 837 422 919 romani,
439 835 501 908 sed
522 837 644 927 regina
659 837 737 928 ipsa
754 843 876 909 vocata
890 836 1003 906 luerat
1022 851 1133 924 quom
1154 836 1331 910 Antonius

269 959 301 1031 ei
317 961 559 1052 cyrenaicam,
582 961 751 1032 iratribus
772 961 865 1033 lisiae
881 979 1002 1050 regna,
1019 959 1166 1050 largitus
1183 959 1298 1033 lucrat
1321 985 1328 1032 :

268 1085 449 1158 incassum
477 1085 644 1176 quidem,
670 1105 753 1158 nam
775 1086 967 1177 Cyrenaica
990 1083 1172 1174 provincia
1197 1092 1231 1157 et
1257 1093 1331 1158 erat

269 1214 304 1280 et
329 1210 476 1280 mansit.
499 1207 682 1300 Quidquid
706 1210 814 1301 igitur
838 1225 1028 1300 regnorum
1052 1213 1087 1278 et
1106 1208 1192 1298 regii
1211 1209 1329 1280 nomi·

270 1333 327 1406 nis
347 1333 568 1416 hahuerunt,
596 1335 626 1405 si
646 1334 692 1406 ad
712 1335 772 1426 ius
792 1335 916 1425 utique
940 1339 1034 1405 stare
1057 1332 1242 1416 volumus,
1263 1334 1329 1406 do·

270 1475 355 1528 num
382 1455 429 1551 (l)
457 1458 523 1530 luit
547 1466 582 1530 et
606 1459 771 1532 similiter
797 1459 942 1549 utrique
966 1457 1081 1548 poluit
1107 1457 1197 1528 dari.
1228 1458 1329 1544 Quod

269 1582 356 1652 milri
378 1583 711 1673 probabilissimum
728 1582 879 1664 videtur,
903 1600 1012 1672 quum
1030 1588 1191 1655 auctores
1207 1589 1241 1654 et
1256 1601 1331 1674 reg·

270 1723 356 1777 num
381 1712 415 1777 et
441 1707 586 1796 nuptias
607 1706 715 1778 simul
734 1723 807 1776 una
826 1693 1067 1778 recordentur.
1090 1704 1276 1778 Crederem
1298 1713 1332 1778 al

270 1829 469 1920 desponsos
484 1838 518 1901 et
535 1846 653 1921 regem
675 1829 906 1921 reginamque
920 1848 942 1901 a
956 1829 1088 1920 populo
1107 1847 1255 1901 romano
1269 1847 1331 1924 ap·

269 1952 419 2042 pellatos
434 1960 470 2046 et
484 1971 587 2043 aequo
603 1955 684 2044 jure
703 1971 810 2044 regno
826 1952 977 2025 donatos
992 1954 1099 2044 paulo
1118 1961 1200 2044 post
1218 1955 1331 2026 Actia·

270 2096 345 2148 cam
365 2095 536 2169 pugnam,
559 2077 784 2169 Cleopatram
805 2097 888 2150 raro
907 2079 1065 2150 nummis
1085 2086 1170 2150 lunc
1186 2079 1330 2150 demum

270 2199 405 2270 illatam
420 2200 532 2273 luisse
546 2206 735 2292 postquam
753 2202 840 2272 satis
854 2207 957 2274 aetate
971 2202 1118 2274 creverit
1132 2207 1171 2272 ut
1184 2219 1331 2293 regnare

271 2341 346 2394 aam
368 2324 438 2396 diei
458 2325 689 2415 aliquomodo
709 2332 843 2415 posset,
861 2343 939 2397 eam
957 2331 1076 2398 tamon
1095 2331 1131 2397 et
1148 2332 1253 2397 antea
1271 2325 1332 2397 ali·

271 2448 455 2541 quidplus
470 2449 532 2521 illo
550 2451 734 2532 habuisse,
756 2469 868 2541 quum
885 2450 1007 2541 regina
1020 2449 1100 2541 ipsa
1113 2449 1251 2531 luisset,
1271 2449 1332 2522 ille

270 2573 428 2663 privatus
446 2574 538 2665 regis
558 2574 669 2646 lilius.

318 2699 395 2769 Non
415 2685 534 2770 tamen
554 2696 718 2770 dubitare
737 2699 864 2770 vellem
885 2699 973 2788 quin
993 2698 1084 2770 luha
1104 2715 1330 2771 communem

269 2822 512 2895 auctoritatem
533 2823 651 2913 reipsa
678 2824 776 2895 solus
802 2823 1019 2904 exercuerit,
1042 2830 1081 2895 ut
1104 2839 1245 2913 semper
1268 2841 1331 2894 na-

271 2955 349 3020 tura
371 2949 488 3020 evenit
513 2950 550 3019 in
579 2949 754 3038 ejusmodi
780 2947 991 3030 consortiis,
1017 2948 1196 3038 praecipua
1220 2965 1330 3038 quum

269 3071 518 3145 consociantur
537 3073 629 3163 patri
649 3072 746 3143 lilius
765 3073 840 3142 viro
865 3072 1008 3161 conjux.
1035 3071 1193 3143 Fuerunt
1212 3078 1330 3144 tamen

269 3193 466 3269 arseminae
492 3215 596 3287 quae,
624 3195 768 3286 ingenio
797 3195 907 3284 stirpe
931 3194 1011 3284 jnre
1035 3199 1097 3266 aut
1116 3195 1242 3284 quavis
1261 3194 1332 3266 alia

271 3339 377 3392 causa
403 3338 511 3411 supra
536 3325 736 3392 consortem
759 3325 914 3400 stantes,
938 3335 1061 3390 revera·
1084 3325 1261 3410 sceptrum
1282 3327 1332 3392 ie·

269 3453 408 3527 nerent,
429 3452 466 3516 ut
483 3444 694 3535 Pythodoris
709 3443 784 3515 riro
805 3442 880 3514 lilio
901 3444 1022 3534 nepoti
1043 3445 1243 3534 conjuncta.
1262 3443 1333 3517 Sed

270 3589 348 3641 rara
368 3568 530 3659 exempla
549 3575 647 3651 sunt,
665 3567 824 3658 aequasi
846 3585 986 3658 semper
1002 3568 1151 3640 maritus
1166 3587 1187 3638 a
1204 3574 1333 3640 natura

269 3692 391 3766 datum
406 3695 522 3765 locum
537 3699 570 3764 et
586 3692 623 3763 in
640 3692 730 3764 solio
746 3692 907 3770 retinuit.
927 3709 1046 3782 neque
1060 3692 1150 3764 luha
1170 3693 1201 3762 is
1220 3691 1332 3763 luisse

269 3816 408 3890 uidetur
423 3816 486 3908 qui
501 3817 547 3888 ab
563 3834 604 3889 eo
622 3815 724 3888 lacile
736 3815 889 3899 cederat,
905 3822 940 3888 et
954 3816 1140 3906 Cleopatra
1151 3833 1331 3907 nusquam

269 4070 290 4124 Ι.
304 4069 430 4134 Cottlum,
445 4071 492 4134 qui
505 4072 623 4123 nondum
637 4085 684 4122 rex
699 4075 755 4122 crat
767 4085 849 4135 quum
863 4069 1009 4136 Segusione
1022 4083 1113 4121 arcum
1124 4069 1245 4135 Augusto
1258 4068 1332 4120 dedi·

269 4159 341 4210 cavit
354 4159 394 4224 (G.
411 4160 430 4209 l.
452 4157 489 4220 la,
505 4159 554 4220 ΙΙΙ,
578 4158 660 4222 72³1),
683 4159 729 4210 sed
753 4164 856 4210 tantum
870 4159 1013 4224 praeleetus
1036 4157 1236 4222 quatuordecim
1256 4159 1331 4221 regni

268 4247 402 4311 quondam
415 4249 517 4312 paterni
534 4249 686 4300 civitatibus
701 4250 872 4300 constitutus.

303 4336 335 4400 (l)
350 4335 423 4398 Tac..
437 4340 517 4399 lum,
532 4333 580 4398 IV,
596 4334 619 4386 5.

430 4446 460 4488 a.
1157 4424 1174 4487 7
