3498 5324
449 1670 532 1723 lUBA
554 1667 706 1722 bennun
726 1666 794 1719 REX
814 1665 1080 1730 consensurum
1106 1665 1259 1721 bulliens
1279 1665 1402 1719 sullus
1423 1665 1517 1718 eluas

594 1790 717 1844 norunt
738 1789 842 1843 bueus
863 1790 922 1855 QUI
942 1789 1180 1868 nestibulum
1199 1789 1371 1844 TEMPORE.

497 2074 638 2145 Auitum
670 2069 847 2145 Nurnidiae
878 2089 1025 2162 regnum
1058 2071 1159 2145 Jubae
1192 2071 1371 2144 redditum
1403 2071 1515 2144 luisse

449 2197 584 2271 Classis
604 2199 719 2269 Marce
738 2195 992 2286 Berbruggem,
1013 2195 1083 2285 ipsi
1104 2213 1248 2286 queque
1267 2196 1449 2280 Muellero,
1468 2197 1514 2268 ab

449 2320 654 2394 auctoribus
668 2337 853 2410 perperam
874 2318 1007 2390 dietum
1027 2317 1180 2398 videtur,
1204 2320 1290 2408 qnia
1308 2318 1400 2392 nulli
1416 2321 1514 2392 inve·

448 2448 598 2518 niuntur
618 2445 744 2517 iubam
768 2444 818 2515 ibi
839 2443 1042 2535 regnavisse
1061 2450 1264 2516 asserentes
1284 2445 1421 2516 nummi
1441 2443 1510 2538 (l).

447 2575 540 2642 Sunt
557 2576 675 2642 auteur
695 2569 835 2640 nummi
855 2567 993 2658 aliquot
1009 2569 1086 2659 qui,
1104 2568 1205 2640 anae
1223 2566 1337 2660 effigie
1352 2568 1512 2660 insignes

445 2697 531 2768 anni
564 2700 682 2766 autern
715 2699 801 2765 nota
834 2699 1015 2775 carentes,
1052 2693 1097 2765 ad
1134 2692 1232 2784 quod
1261 2701 1406 2784 empus
1436 2712 1510 2784 reg-

444 2820 565 2892 nantis
585 2819 662 2908 ejus
686 2817 890 2908 pertineant
913 2816 1062 2889 minime
1087 2815 1264 2890 affirmare
1286 2817 1422 2908 pessis,
1444 2816 1508 2890 ad-

444 2949 545 3015 notat
566 2950 685 3014 tamen
709 2941 899 3014 Muellerus
923 2959 1049 3014 omnes
1070 2942 1213 3032 iuvenis
1242 2940 1392 3033 effigiem
1416 2961 1508 3034 prae·

443 3067 527 3138 bere
552 3061 617 3158 (l).
644 3065 749 3138 Nulla
769 3063 858 3135 mibi
878 3064 985 3154 igitur
1012 3083 1120 3136 eausa
1141 3072 1343 3155 praepetens
1369 3065 1510 3139 obstare

442 3187 582 3260 videtur
602 3187 692 3279 quin
711 3186 824 3276 aliqui
843 3205 965 3258 eorum
986 3187 1032 3258 ad
1051 3205 1113 3259 eos
1138 3187 1264 3278 utique
1286 3205 1402 3260 annes
1422 3188 1509 3262 rele-

441 3309 545 3383 reudi
565 3311 638 3382 sint
658 3309 790 3400 quibus
809 3309 901 3382 lube
920 3310 958 3382 in
976 3310 1145 3383 Numidia
1165 3313 1385 3403 regnaverit3
1407 3319 1442 3385 el
1459 3311 1508 3384 la-

433 3419 517 3506 'teor
536 3452 593 3506 me
613 3431 710 3506 baud
730 3431 882 3504 libenter
902 3440 1023 3505 centra
1038 3434 1160 3507 omnia
1180 3434 1392 3525 scriptorum
1411 3442 1505 3510 vele·

441 3576 520 3629 reru
560 3556 766 3628 testimonia
805 3555 937 3628 mirum
982 3556 1020 3628 in
1064 3558 1210 3630 modurn
1256 3558 1508 3632 concordantia

439 3680 589 3753 iturum.
611 3678 676 3751 Dio
693 3679 802 3762 enim,
820 3681 1103 3754 assentientibus
1123 3683 1297 3755 Strabone
1317 3684 1506 3756 Plutarcho

438 3804 593 3896 aliisque
624 3803 760 3876 eunetis
791 3800 876 3898 (3),
906 3802 1038 3877 diserte
1071 3807 1121 3878 ait
1152 3806 1351 3900 Augustum
1377 3809 1503 3892 lubae,

437 3929 539 4002 lubae
561 3927 660 4000 illius
679 3927 754 4000 filio
775 3929 837 4018 qni
857 3935 980 4001 eontra
999 3930 1174 4006 Gaesarem
1194 3932 1381 4024 pugnavit,
1407 3933 1505 4004 Clee-

466 4181 501 4246 (l)
517 4180 602 4243 illiti,
620 4187 638 4232 t.
655 4181 696 4243 Il,
711 4197 736 4246 p.
756 4183 810 4244 lli,
826 4198 852 4242 n,
866 4182 889 4235 5.

465 4271 497 4333 (e)
515 4270 544 4319 r.
561 4271 613 4321 115.

466 4359 498 4422 (3)
517 4359 566 4410 Dio
578 4359 661 4421 Cass„
674 4360 715 4423 bl,
728 4361 770 4424 453
786 4361 857 4422 Llll,
867 4362 913 4426 26;
924 4361 1021 4426 strab..
1034 4358 1136 4425 utin,
1149 4379 1173 4429 p.
1185 4364 1247 4424 8283
1259 4361 1340 4428 Plut,
1355 4371 1424 4428 lat,
1438 4363 1482 4424 117..
