3498 5324
683 515 842 580 ..63-

233 655 366 748 quibus
391 674 448 728 res
475 654 666 728 commissa
690 654 805 732 iuerat
827 653 1005 753 desiderio
1030 653 1164 744 optimo
1191 655 1297 743 plene

232 782 465 854 satisfactum.

281 907 409 979 ltlultas
442 905 590 998 insuper
619 905 780 977 Caesarea
813 904 912 977 dedit
944 909 1080 976 statuas
1113 891 1314 993 multaque

232 1032 446 1122 fragmenta,
467 1029 531 1102 sed
550 1028 801 1122 negligendum
821 1027 927 1100 nobis
947 1031 1001 1099 est
1020 1026 1198 1118 quidquid
1216 1044 1297 1118 pro·

234 1155 286 1227 dit
303 1155 502 1246 posteriora
521 1161 693 1245 tempora.
715 1153 793 1226 Non
814 1152 981 1224 indeoora
1000 1151 1165 1223 videntur
1184 1150 1297 1241 quod-

234 1277 314 1352 dam
341 1279 434 1350 Solis
462 1278 553 1350 Helii
584 1285 709 1369 eaput,
739 1284 773 1350 et
803 1278 875 1349 Pan
903 1277 1096 1349 admodum
1124 1276 1294 1360 mutilus,

233 1409 337 1494 caput
356 1403 499 1485 Bacchi,
527 1410 561 1475 et
585 1402 826 1494 anaglyphum
853 1401 1032 1493 quoddam
1062 1400 1209 1473 Parisiis
1238 1420 1297 1474 ex-

233 1532 345 1598 stans.
368 1528 430 1599 Est
450 1544 593 1618 quoque
610 1527 765 1618 Neptuni
782 1527 942 1598 colossus
958 1545 1065 1616 quem
1082 1544 1180 1597 nuno
1193 1521 1298 1598 loosii

234 1659 388 1724 servant.
410 1653 610 1736 Heroulem,
632 1653 734 1742 ouJus
754 1659 868 1724 exstat
888 1652 1113 1724 solummodo
1134 1658 1295 1733 truncus,

233 1774 334 1848 valde
348 1776 538 1868 pulchrum
551 1775 766 1866 judiearem;
787 1782 822 1848 et
837 1775 981 1848 luerunt
996 1782 1135 1866 reperta
1150 1776 1300 1867 insuper

233 1900 302 1973 tria
321 1900 541 1972 colossorum
561 1901 692 1991 oapita,
715 1900 845 1972 Ooeani
866 1900 986 1972 lorsan
1007 1906 1041 1973 ot
1061 1899 1208 1973 dearum
1227 1919 1299 1971 ma·

234 2024 302 2106 ris,
334 2024 373 2095 iu
403 2024 536 2116 quibus
565 2026 733 2114 majestas
766 2024 924 2096 cernitur
952 2031 986 2097 et
1023 2025 1155 2116 aliquis
1193 2024 1299 2099 etiam

235 2149 418 2240 splendor.
458 2151 666 2223 Vernaculae
703 2150 790 2223 artis
823 2150 973 2222 forsitan
1015 2151 1082 2223 erit
1119 2151 1299 2242 speoimou

234 2273 362 2346 mulier
388 2275 616 2366 singulariter
643 2282 785 2359 oruata,
817 2275 909 2346 nihil
937 2275 1039 2366 graeei
1066 2282 1128 2348 aut
1160 2275 1299 2348 romani

235 2405 454 2482 monstrans,
472 2399 537 2471 sed
550 2400 804 2472 accuratiorem
825 2418 954 2472 manus
974 2398 1092 2472 adhue
1109 2399 1181 2472 iere
1200 2400 1300 2473 rudis

234 2522 407 2595 laborem.
436 2523 737 2615 Antiquissimam
770 2523 853 2596 lolis
887 2523 1096 2596 memoriam
1126 2525 1302 2597 revocarit

234 2647 443 2721 eruderatus
467 2668 488 2719 a
515 2649 660 2720 Texiero
688 2647 870 2739 quondam
896 2648 1049 2738 punious
1073 2647 1162 2720 deus
1180 2649 1298 2740 gllsoh·

234 2791 345 2844 moun
368 2770 434 2867 (l),
456 2773 519 2845 sed
538 2773 583 2845 ad
602 2773 742 2845 lubana
761 2779 921 2863 tempora
942 2771 1100 2845 redimus
1120 2791 1200 2843 oum
1220 2773 1300 2864 pul·

235 2897 410 2969 cherrima
423 2898 527 2988 Regis
544 2897 745 2980 Ptolomaei,
762 2897 863 2968 lubae
878 2895 962 2980 filii,
978 2902 1139 2987 protome
1153 2895 1300 2968 Parisiis

235 3028 427 3093 asservata.
451 3021 594 3094 Eisdem
615 3039 758 3112 quoque
777 3020 999 3110 temporibus
1019 3020 1064 3092 ab
1083 3021 1229 3112 AEgypto
1250 3021 1301 3092 al·

236 3144 347 3218 latum
367 3145 507 3218 uidetur
526 3145 722 3218 Thotmetis
742 3146 755 3215 l
782 3145 874 3236 regis
900 3145 1064 3236 signum,
1092 3145 1193 3236 eujus
1213 3145 1301 3236 irag·

236 3278 396 3345 mentum
418 3291 497 3344 oum
518 3273 621 3344 titulo
641 3272 812 3344 Caesareae
839 3276 1017 3362 repertum
1042 3277 1116 3353 est,
1139 3275 1174 3343 et
1198 3271 1302 3344 iaoile

238 3394 434 3486 Cleopatrae
453 3396 519 3468 luit
536 3393 607 3490 li).

285 3522 335 3592 Ea
354 3522 476 3594 omnia
495 3521 661 3612 quisquis
681 3522 894 3612 inspexerit,
913 3521 1086 3614 intelliget
1108 3521 1226 3594 subito
1241 3523 1301 3594 Ju-

238 3644 335 3729 ltam,
353 3665 419 3718 neo
433 3645 553 3717 minus
570 3646 647 3736 eJ‘us
662 3664 823 3730 uxorem,
841 3621 979 3719 artibus
993 3645 1031 3717 in
1049 3645 1208 3718 Caesarea
1224 3645 1304 3716 hos·

273 3927 307 3996 (l)
322 3927 379 3982 lieo.
398 3929 460 3997 ost„
477 3929 546 3994 1870,
562 3947 587 3998 p.
603 3925 685 3987 69-70.

270 4020 307 4084 (2)
322 4019 479 4086 Nuperrime
497 4024 650 4086 prodierunt
665 4023 845 4087 pavimentum
860 4017 957 4071 musivi
971 4019 1058 4084 operis
1072 4021 1099 4070 in
1115 4031 1166 4084 quo
1180 4017 1302 4072 Charitas

240 4110 394 4174 pinguntur,
405 4110 503 4163 Bacchi
517 4117 627 4164 truncus
641 4114 759 4176 alterque
773 4110 894 4168 Veneris,
910 4110 1047 4160 muliebris
1061 4114 1147 4159 statua
1159 4111 1304 4160 humanam

240 4199 373 4262 aliquanto
387 4201 518 4252 excedens
535 4207 671 4263 staturam,
686 4202 820 4264 multaque
835 4201 941 4263 iusuper
956 4200 1007 4249 alia
1022 4213 1135 4262 quorum
1149 4213 1303 4255 numerum.

241 4287 369 4340 institutis
384 4291 549 4353 privatorum
563 4304 612 4354 ope
627 4289 819 4350 effossionibus,
835 4288 952 4351 quotidie
967 4288 1058 4351 augeri
1071 4288 1183 4352 accipio.
1261 4326 1264 4335 s
