3490 5318
460 1831 544 1887 tuan
570 1829 657 1884 civis
688 1827 877 1891 ROMANU83
906 1826 983 1880 utus
1010 1791 1144 1880 usuum
1176 1823 1291 1906 LIBERI·
1315 1822 1433 1877 NOMEN
1459 1821 1523 1875 ΗΟ·

632 1954 770 2018 Nonum
799 1952 885 2011 DEUS
912 1951 999 2010 Post
1024 1949 1166 2008 MORTEM
1192 1947 1359 2006 danbrun.

511 2280 552 2351 ln
567 2295 675 2368 supra
694 2276 838 2349 laudato
858 2273 950 2347 libro
970 2271 1026 2344 De
1047 2271 1254 2374 Ooaditione
1272 2286 1402 2363 reynm
1421 2268 1528 2342 adno-

427 2384 429 2388 ’
462 2409 513 2476 tat
533 2402 693 2474 Bohnius
713 2403 863 2473 multam
884 2419 963 2473 esse
988 2399 1278 2491 probabilitatem
1305 2416 1368 2469 eur
1386 2395 1477 2468 Juba
1495 2400 1529 2466 et

465 2527 677 2599 Ptolemaeus
710 2527 803 2599 eires
833 2525 973 2597 romani
1005 2525 1158 2606 inerint,
1191 2522 1390 2615 praesertim
1418 2537 1528 2612 quum

463 2650 524 2724 ille
539 2650 698 2722 Gadibus
715 2651 812 2734 lirin,
833 2649 1046 2740 Cartbagine
1057 2649 1154 2722 Noua
1168 2649 1253 2720 llvir
1269 2666 1305 2739 q.
1324 2666 1378 2738 q.,
1393 2644 1527 2718 utrius·

464 2794 534 2867 que
564 2774 714 2847 roloniae
739 2775 868 2847 nivium
904 2793 1135 2847 remanorum
1168 2778 1342 2863 patronus
1372 2769 1531 2841 invenia-

464 2906 522 2972 tur
545 2897 609 2993 (i).
631 2901 725 2973 Neve
743 2900 861 2973 obstet
878 2899 976 2991 qued
991 2905 1116 2972 neuter
1134 2900 1173 2970 in
1189 2877 1430 2968 nummis'aut
1448 2895 1532 2965 titu-

464 3025 509 3096 lis
544 3024 620 3096 suis
653 3025 801 3096 nemine
835 3042 982 3096 remano
1015 3023 1235 3114 appellatur,
1266 3040 1350 3092 nam
1383 3036 1533 3090 romana

466 3149 605 3221 civitate
623 3167 697 3224 nen
725 3157 864 3221 auriam
891 3148 954 3221 sed
974 3148 1201 3219 imminutam
1226 3146 1360 3236 regiam
1380 3143 1533 3234 dignita·

465 3278 536 3343 tem
571 3271 754 3344 contendit
787 3290 866 3345 esse
900 3271 1073 3344 Bnbnius.
1109 3272 1195 3342 Utut
1232 3274 1306 3351 est,
1343 3265 1532 3339 dubitandi

454 3394 732 3492 ,quodammodo
753 3397 869 3469 laeum
889 3395 1061 3479 iaciebat,
1084 3412 1195 3487 quum
1213 3408 1395 3482 nusquam
1415 3406 1533 3480 reper-
1657 3491 1660 3497 Δ

466 3525 542 3592 tum
562 3538 713 3603 nemen,
743 3526 819 3593 tum
845 3519 943 3610 qued
968 3519 1061 3592 Juba
1086 3517 1236 3590 coloniis
1264 3515 1303 3587 in
1328 3531 1437 3606 regno
1467 3529 1533 3584 suo

465 3644 593 3737 positis
621 3644 807 3736 praefectus
832 3663 906 3716 neu
931 3650 1047 3726 asset,
1070 3659 1289 3732 quamquam
1309 3640 1348 3711 in
1376 3656 1417 3711 ee
1437 3635 1531 3710 fidu·

467 3769 557 3841 eiam
589 3770 732 3860 qualem
759 3771 798 3841 in
823 3787 923 3841 seruo
953 3775 1015 3840 aut
1041 3772 1188 3858 regnate
1215 3763 1372 3858 quodam
1402 3779 1535 3855 ponere

467 3901 589 3984 posset
612 3893 806 3986 Augustus.
831 3893 932 3968 Certe
950 3893 1125 3967 disertum
1150 3888 1422 3964 desiderabatur
1440 3883 1533 3959 indi·

499 4174 533 4240 (i)
547 4173 609 4225 vm.
620 4171 782 4236 Wensdorff‚
791 4189 834 4240 ap.
843 4175 966 4236 Lemaire,
978 4175 1045 4227 Poet.
1058 4174 1132 4236 liin..
1148 4172 1201 4224 vol.
1214 4170 1250 4233 V,
1261 4186 1288 4235 p,
1304 4161 1359 4220 502.
1372 4167 1536 4219 Ptolemaeus

467 4277 578 4330 quoque,
592 4267 666 4328 patre
677 4263 747 4338 vivo,
759 4261 910 4328 Carthagini
924 4261 1009 4317 Novae
1024 4263 1168 4318 IIviratum
1182 4275 1208 4326 q.
1221 4275 1246 4326 q.
1261 4260 1363 4312 babuit.
1378 4257 1464 4321 unit,
1483 4253 1533 4318 ΙΙΙ,

466 4367 540 4405 rrum.
555 4351 670 4404 ibi-207.
