3490 5318
819 628 858 641 -·
878 595 939 656 litt
955 626 995 640 -

370 734 476 808 mede
497 733 613 804 virum
628 749 694 804 neo
712 727 805 805 inter
821 733 957 825 primos
971 730 1162 804 locandum
1177 731 1352 815 arbitrem
1371 734 1436 806 sed

371 877 483 932 unum
504 877 547 931 ex
578 858 682 951 vulgo
701 858 813 930 inisse
836 864 871 929 et
894 855 1030 929 nullius
1059 855 1194 949 ingenii
1217 874 1296 928 cnm
1323 856 1437 928 multa

371 983 516 1075 quidem
542 982 703 1055 doctrina
722 981 1007 1073 compilatorem,
1029 982 1097 1054 hoc
1120 981 1270 1054 minime
1294 980 1436 1055 credere

370 1126 532 1200 possum.
562 1106 648 1180 Mihi
677 1125 734 1180 res
766 1103 816 1177 ita
844 1105 955 1178 tuisse
983 1104 1136 1178 ridetur.
1171 1106 1198 1176 E
1226 1104 1436 1177 melioribus

371 1250 484 1315 unus,
507 1237 641 1305 ceteros
665 1238 783 1302 mmen
805 1229 896 1302 nihil
916 1230 1149 1313 antecedens,
1171 1228 1262 1301 tuba
1287 1228 1385 1320 qued
1410 1228 1437 1302 ii

372 1355 549 1432 iaciebant
575 1355 699 1428 ecdem
719 1354 825 1427 modo
851 1374 922 1445 que
947 1360 982 1426 et
1009 1354 1062 1426 illl
1089 1351 1182 1425 iecit.
1205 1356 1255 1424 lle
1279 1352 1438 1426 historiae
1474 1419 1477 1425 .

372 1477 618 1572 grammatices
635 1479 907 1571 disciplinarum
922 1479 1082 1552 omnium
1100 1478 1238 1550 ratione
1254 1477 1438 1570 preposito

372 1603 525 1676 ultrice
544 1603 683 1695 legions
707 1622 788 1694 quo
812 1602 1089 1675 aristomenem
1112 1607 1146 1673 or
1171 1600 1249 1692 ipso
1272 1581 1436 1677 oronim.

374 1730 460 1802 ltem
494 1747 535 1800 ea
570 1747 634 1819 pro
664 1728 769 1800 certis
796 1727 923 1799 hahuit
956 1744 1037 1817 quae
1063 1732 1264 1818 temporum
1294 1725 1439 1797 illerum

376 1853 543 1925 homines
566 1851 637 1925 sihi
663 1850 840 1943 reperisse
872 1856 907 1922 et
938 1848 1170 1923 confirmasse
1203 1846 1437 1932 videbantur,

374 1982 434 2058 ut,
457 1975 611 2067 exempli
630 1975 762 2066 gratia,
785 1974 911 2046 Latino
939 1973 1060 2065 generi
1085 1972 1281 2063 latinaeque
1303 1971 1440 2063 linguae

282 2185 286 2190 ¹
374 2099 544 2174 Graeciam
578 2097 784 2190 genitricem
819 2098 943 2171 luisse.
975 2097 1138 2188 Denique
1167 2096 1205 2167 in
1231 2095 1334 2169 libris
1355 2095 1441 2167 sori·

373 2224 503 2297 bondis
534 2222 659 2296 eodem
687 2222 889 2313 modoque
916 2221 1080 2314 plerique
1108 2220 1201 2292 lecit.
1231 2219 1373 2292 Scilicet
1402 2220 1441 2291 in

377 2365 521 2439 quoque
536 2365 642 2439 opere
656 2354 718 2420 aut
733 2365 875 2438 quaque
887 2346 1005 2438 operis
1021 2352 1120 2437 parte
1132 2363 1246 2416 unum
1261 2349 1440 2418 auctorem

376 2472 562 2555 adoinoia
590 2472 653 2545 sed
680 2472 792 2544 multa
824 2489 889 2542 suo
916 2470 1061 2562 ingenio
1087 2468 1302 2560 corrigebat,
1329 2469 1443 2542 multa

377 2597 575 2690 prasertim
608 2595 763 2669 addebat
796 2613 840 2668 err
874 2593 1097 2668 secundariis
1127 2591 1287 2667 lentibus
1319 2617 1327 2664 :
1356 2591 1442 2666 lldci

377 2722 525 2814 insuper
540 2720 792 2794 documentum
808 2720 973 2811 praehens
989 2716 1086 2809 qued
1097 2717 1320 2808 frequentius
1333 2734 1441 2809 qnam

378 2846 571 2938 quisquam
601 2845 694 2918 alins
723 2863 859 2938 graccus
890 2845 1067 2917 latinusve
1098 2841 1248 2933 scriptor
1280 2847 1442 2914 auctores

378 2969 719 3046 apostoticarum
739 2977 857 3043 antem
876 2967 1142 3059 sapientissime
1162 2967 1273 3058 eligit.
1295 2966 1443 3038 Constat

378 3096 474 3168 enim
488 3095 526 3166 in
536 3092 700 3166 Historia
711 3115 864 3164 romairo
877 3092 1015 3166 Livium
1027 3092 1100 3166 iere
1114 3109 1255 3183 semper
1264 3097 1440 3174 secutum,

377 3220 424 3292 ab
447 3237 488 3292 eo
515 3226 635 3292 tamen
662 3220 767 3310 lenge
792 3219 983 3291 recessisse
1008 3217 1071 3289 nbi
1100 3235 1157 3290 res
1181 3215 1310 3288 melius
1335 3221 1441 3288 netas

379 3351 615 3434 narratasquc
633 3341 679 3414 ab
696 3342 767 3414 alic
787 3341 957 3426 crederet,
975 3341 1025 3412 ita
1043 3346 1084 3414 ut
1100 3340 1196 3413 bella
1213 3338 1379 3412 diricana
1399 3357 1443 3412 er

379 3467 566 3560 lempsalis
584 3467 766 3549 historiis,
788 3466 905 3538 civilia
924 3484 968 3538 ex
986 3465 1136 3556 Augusti
1156 3462 1438 3544 commentariis,

380 3591 544 3664 Parthica
569 3608 614 3663 ex
641 3591 754 3662 llellio
784 3595 953 3663 sumeret.
980 3591 1020 3660 ln
1058 3585 1244 3658 Theonoe·
1269 3585 1439 3668 historic,

380 3720 556 3804 quantum
583 3714 630 3786 ad
655 3714 828 3787 musicam
854 3720 1004 3807 spectat,
1028 3731 1108 3804 quae
1133 3711 1210 3784 sola
1230 3729 1312 3802 pars
1333 3709 1442 3783 nohis

380 3838 608 3930 aliquatenus
624 3838 788 3921 umescit,
806 3838 994 3931 tryphone
1010 3853 1099 3908 usus
1118 3835 1245 3917 tuerat,
1263 3833 1302 3905 ni
1321 3833 1442 3906 forsan

381 3969 416 4036 et
440 3964 638 4038 Heraclide.
667 3965 707 4036 ln
734 3960 934 4055 Assprtacts
957 3963 1147 4042 limosum,
1175 3959 1214 4029 in
1241 3955 1382 4050 Libycis
1408 3962 1443 4030 et

382 4089 591 4181 lempsalem
622 4095 656 4162 et
681 4091 775 4161 inter
798 4088 888 4160 alios
912 4089 1125 4159 Hannonem
1150 4090 1211 4155 aut
1234 4083 1359 4154 saltem
1380 4081 1442 4184 qui

380 4213 586 4288 ferebantur
605 4213 672 4286 suh
690 4214 876 4286 Hannonis
897 4211 1043 4284 nomine
1062 4209 1188 4292 libros,
1208 4207 1247 4279 in
1266 4225 1373 4299 opere
1389 4203 1444 4275 Dc

380 4335 519 4410 Arabia
533 4340 588 4411 rel
601 4337 721 4430 potius
737 4337 780 4408 dc
797 4335 943 4408 Oriente
957 4341 1022 4406 toto
1034 4321 1247 4416 Nearchum}
1267 4329 1442 4405 Onesicri-
