3490 5318
882 573 1060 636 ⁴106-

440 716 574 799 tenuit,
597 731 731 806 neque,
755 720 794 785 ut
811 731 889 785 mos
909 718 984 785 erat
1003 709 1168 785 Numidis
1190 713 1395 807 Maurisque
1415 719 1502 810 regi·

438 840 520 924 bu's,
543 842 664 932 plures
684 839 851 931 legitima
871 839 1039 928 conjuges
1061 838 1207 910 thalami
1223 841 1414 932 participes
1429 843 1503 915 lue·

437 973 521 1038 runt
544 962 608 1064 (l),
636 965 770 1054 Nempe
790 961 1017 1053 Sophonisba
1037 968 1071 1035 et
1091 962 1334 1036 duabusaliis
1355 965 1502 1039 Cartha-

437 1088 679 1182 giniensibus,
707 1105 858 1179 quarum
878 1086 1026 1158 nomina
1050 1105 1123 1157 non
1147 1085 1297 1170 dantur,
1321 1091 1500 1183 exceptis,

439 1215 539 1287 nulla
558 1222 685 1306 praeter
712 1213 865 1286 Selenen
889 1214 1092 1285 Maurorum
1115 1211 1395 1286 Numidarumue
1414 1232 1504 1288 uxor

439 1341 477 1411 in
497 1339 740 1412 monumentis
759 1344 821 1410 aut
840 1336 1074 1429 scriptoribus
1094 1344 1287 1427 comparet.
1420 1319 1425 1330 ’

415 1551 421 1564 x
489 1467 540 1537 Ex
566 1471 637 1537 tam
665 1464 759 1536 clara
787 1469 821 1535 ct
848 1461 943 1553 regia
971 1462 1104 1533 lomina
1128 1462 1313 1553 genitum,
1344 1463 1439 1555 patri
1466 1465 1503 1536 in

439 1589 535 1680 regia
550 1589 722 1680 dignitate
736 1586 977 1659 consociatum
992 1585 1105 1658 luisse
1119 1586 1349 1659 Ptolemaeum
1364 1591 1504 1662 nummi

440 1715 561 1806 plures
577 1713 785 1786 ostendunt.
798 1712 875 1784 Non
892 1709 1002 1801 quod,
1017 1717 1057 1782 ut
1067 1711 1258 1784 Eclrhelius
1273 1711 1423 1785 credidit
1438 1710 1502 1806 (l),

438 1838 625 1932 potestatis
644 1836 821 1929 particeps
842 1834 968 1917 luerit,
990 1833 1054 1907 sed
1073 1836 1158 1924 quia
1176 1835 1325 1908 honoris
1345 1855 1453 1909 causa
1473 1845 1506 1910 et

439 1962 639 2042 diademato
658 1969 692 2034 et
711 1962 856 2033 nomine
871 1960 967 2050 regio
985 1959 1100 2032 luerat
1111 1959 1298 2032 decoratus
1315 1985 1324 2031 ε
1343 1959 1395 2033 sio
1409 1962 1505 2034 enim

438 2093 585 2180 apparet
604 2087 641 2157 in
665 2085 824 2156 nummis
851 2084 981 2156 aluba
1007 2083 1102 2156 cusis
1129 2081 1200 2178 (5),
1228 2103 1382 2175 quorum
1411 2105 1506 2159 unus

439 2212 557 2290 ultimi
577 2212 657 2284 vitae
672 2212 749 2300 ejus
764 2210 850 2282 anni
867 2217 938 2292 est,
956 2209 1045 2283 alter
1062 2215 1181 2281 autem
1197 2209 1242 2282 ad
1258 2229 1374 2282 annos
1394 2212 1506 2285 mullo

441 2334 643 2431 superiores
676 2335 857 2427 pertinet,
890 2333 987 2407 unde
1018 2333 1165 2425 quidam
1194 2336 1423 2426 conjecerunt
1457 2333 1503 2429 (l)

441 2466 579 2535 lantum
596 2461 867 2534 Ptolemaeorum
883 2461 1049 2551 sanguini
1067 2457 1240 2531 tribulum
1256 2466 1296 2531 ut
1310 2460 1505 2552 Augustus,

364 2679 367 2686 Δ
442 2583 627 2675 Cleopatra
651 2591 809 2668 mortua,
832 2583 907 2655 lilio
932 2584 1068 2675 regium
1088 2584 1166 2675 ojus
1184 2583 1331 2656 titulum
1351 2584 1414 2655 uhi
1436 2585 1507 2675 pri·

443 2728 539 2784 mum
559 2728 623 2801 per
644 2716 782 2782 autem
807 2709 907 2781 licuit
925 2707 1198 2782 adolescentulo
1220 2709 1441 2792 transferret.
1464 2708 1509 2780 Αῑ

442 2854 566 2908 rursus
593 2835 684 2907 luha
711 2833 893 2907 invenitur
916 2834 954 2904 in
982 2833 1142 2905 nummis
1166 2853 1187 2904 a
1215 2832 1290 2904 srlio
1318 2841 1400 2924 post
1426 2851 1507 2906 eum

442 2941 612 3051 rapna'nte
635 2960 778 3032 emissis
802 2957 872 3053 (ὅ),
894 2965 929 3030 et
947 2957 1054 3049 primi
1074 2963 1109 3030 et
1129 2957 1320 3049 penultimi
1340 2957 1442 3030 anni.

490 3084 612 3175 Neque
631 3085 662 3154 is
682 3101 777 3155 nnus
798 3083 915 3154 honor
932 3081 1034 3154 Jubae
1054 3081 1222 3158 deiuncto
1237 3081 1317 3165 luit,
1337 3089 1371 3154 et
1387 3080 1507 3154 lorsan

442 3225 506 3298 per
533 3206 759 3298 splendorem
788 3207 886 3298 regni
916 3212 950 3278 et
975 3207 1056 3278 vitae
1084 3206 1233 3297 gloriam
1259 3206 1314 3277 vel
1341 3205 1508 3278 maximis

445 3330 542 3403 haud
564 3331 734 3423 indignus
754 3338 841 3404 erat.
870 3332 953 3404 Post
975 3331 1202 3405 Masinissam
1223 3330 1319 3404 enim
1339 3330 1507 3403 etlilium

445 3456 522 3546 eius
549 3455 732 3546 Micipsam
752 3457 875 3528 nullus
901 3456 939 3528 in
962 3456 1059 3548 regia
1085 3456 1196 3547 stirpe
1219 3462 1282 3528 aut
1307 3455 1420 3546 major
1447 3461 1510 3526 aut

443 3578 580 3654 felicior
602 3587 664 3653 aut
690 3579 913 3672 splendidior
939 3580 1065 3653 luerat.
1096 3579 1391 3671 acceptissimum
1416 3598 1507 3670 quo·

453 3939 463 3974 κ,
480 3915 513 3977 (l)
529 3913 601 3975 Sall..
616 3917 684 3978 lup,
701 3913 741 3965 80.
757 3913 893 3966 duravisse
909 3928 955 3965 eos
972 3914 1016 3976 qui
1031 3913 1109 3965 lubre
1126 3915 1282 3977 πολυγαμίαν
1297 3916 1512 3964 memoraverunt

447 4020 481 4054 ex
494 4005 526 4053 iis
538 4017 597 4068 qum
610 4003 642 4054 de
652 4001 796 4068 Glaphyran
807 4003 976 4054 matrimonio
990 4002 1107 4052 diximus
1119 4006 1232 4053 constat.

478 4091 512 4157 (2)
530 4091 638 4154 nemer,
652 4095 682 4143 ll.
694 4095 736 4154 N„
748 4091 795 4154 IV,
807 4109 834 4157 p.
851 4091 962 4144 lae-loo.

483 4184 515 4248 (3)
531 4182 616 4242 llud„
632 4185 682 4245 ΙΙΙ,
701 4182 752 4245 los,
771 4182 825 4235 106.

479 4273 514 4338 (l)
533 4271 594 4323 Vld.
609 4271 695 4336 Bolrn,
710 4274 745 4323 De
759 4273 833 4322 cond.
848 4285 910 4335 rom,
925 4286 949 4322 c.
967 4272 1001 4322 ll.

483 4361 516 4427 (5)
532 4361 609 4423 ibid,
626 4361 670 4413 loo
684 4363 699 4410 a
715 4361 768 4413 lll.
