3498 5324
784 622 785 631 ,
874 563 1034 628 -28-

422 698 536 792 ipsius
559 699 732 792 principis
752 718 832 773 esse
855 697 928 795 (l);
954 708 1167 792 posteaque,
1197 701 1396 793 imperante
1419 707 1483 780 Se·

422 843 518 906 vcro,
538 824 706 897 Numidia
717 826 899 917 provincia
914 826 1092 918 appellata
1107 831 1162 898 est
1178 845 1259 918 quae
1270 827 1388 919 reipsa
1399 829 1487 919 jam·

423 949 602 1034 diucrat.
634 950 720 1035 Quae
750 949 932 1041 prouincia
964 949 1192 1039 paucissimis
1222 951 1368 1023 mutatis
1395 951 1487 1025 nibil

423 1074 522 1148 aliud
540 1092 581 1146 ac
594 1073 719 1146 cadem
734 1074 916 1165 quondam
937 1075 1102 1147 militaris
1118 1075 1283 1148 dioecesis
1299 1076 1366 1149 luit
1377 1100 1386 1148 ε
1398 1075 1487 1152 dim·

424 1199 515 1271 cesis
530 1205 648 1271 autem
669 1197 756 1288 quid
768 1206 842 1271 eret
853 1199 930 1272 nisi
949 1196 1064 1290 ipsius
1079 1199 1180 1272 lubae
1194 1197 1367 1290 regnum?
1382 1199 1487 1273 Times
1515 1189 1518 1194 ’

424 1341 504 1394 roro
521 1323 598 1414 ejus
611 1323 881 1414 inveniriposse
892 1323 1070 1395 existimo.
1088 1325 1261 1415 Namque,
1275 1342 1316 1397 ea
1327 1331 1485 1416 excepta,

424 1454 496 1520 tres
516 1447 555 1517 in
574 1445 814 1519 Airicaiuisse
827 1445 999 1520 dioeceses
1020 1447 1106 1519 satis
1128 1453 1279 1531 constat,
1302 1449 1486 1541 Cartbagi-

425 1570 589 1643 niensem
610 1569 744 1641 scilicet
763 1578 796 1641 et
818 1571 1086 1662 Hipponensem
1101 1570 1315 1662 tertiamque
1330 1577 1370 1644 ut
1388 1571 1486 1646 ride-

425 1701 484 1767 tur
498 1695 671 1767 OEensem
691 1691 755 1789 (l).
770 1695 872 1767 Unde
881 1695 1000 1767 subito
1012 1696 1168 1767 cernitur
1180 1697 1301 1788 Syrtes
1310 1703 1345 1770 et
1353 1704 1488 1788 partem

423 1818 538 1911 ipsius
557 1819 734 1892 Numidia
755 1821 1069 1911 septentrionalem
1089 1826 1190 1892 cntra
1206 1821 1307 1894 Jubae
1327 1819 1490 1892 domina-

426 1943 560 2016 tionem
578 1943 689 2016 luisse
716 1968 724 2015 ε
748 1944 810 2035 qui
830 1944 938 2037 igitur
956 1963 1069 2036 pauca
1089 1951 1151 2018 ant
1176 1945 1269 2017 nibil
1287 1945 1381 2018 ultra
1399 1947 1490 2019 blas·

426 2069 584 2161 sylorum
603 2069 753 2160 patriam
781 2069 976 2159 occuparit.
1000 2067 1163 2141 limitem
1188 2071 1307 2160 ipsum
1332 2078 1492 2161 querere

427 2193 458 2266 si
482 2194 608 2285 placet,
639 2191 953 2264 subministratae
977 2191 1105 2264 divisio
1128 2191 1390 2284 provinciarum
1410 2211 1492 2284 quae

427 2325 508 2409 post
525 2317 734 2390 Diocletiani
753 2324 914 2407 tempora
931 2334 1047 2407 usque
1067 2317 1112 2390 ad
1137 2316 1246 2389 linem
1270 2317 1412 2407 imperii
1431 2336 1490 2388 ro·

428 2443 525 2515 mani
559 2444 769 2535 permansit.
800 2444 877 2529 Qua
903 2461 1015 2535 quum
1047 2461 1090 2514 ex
1119 2441 1245 2516 Africae
1277 2441 1491 2516 dioemsibus

429 2568 580 2659 singula
603 2568 803 2660 provinciae·
821 2566 1061 2649 efficerentur,
1091 2566 1335 2660 Hipponensis
1360 2585 1493 2640 nomen

428 2692 555 2764 babuit
572 2692 750 2765 Numidiae
774 2691 1054 2782 proconsularis,
1079 2694 1147 2764 boc
1170 2692 1249 2783 ipso
1273 2709 1425 2783 arguens
1455 2709 1494 2764 se

429 2816 610 2910 quondam
635 2817 830 2897 Numidiae,
860 2823 899 2889 ut
921 2817 1127 2908 proconsuli
1154 2816 1369 2900 traderetur,
1391 2815 1515 2888 able·-

428 2949 514 3014 tam.
534 2940 638 3012 Fines
654 2959 735 3014 raro
752 2941 829 3031 eJus
845 2947 930 3012 sunt
944 2940 1019 3012 noti
1040 2965 1048 3010 :
1067 2940 1200 3032 quippe
1216 2941 1291 3030 qui,
1310 2958 1389 3011 cum
1405 2940 1492 3032 Hip·

428 3085 522 3158 pone
541 3073 576 3138 et
595 3066 763 3139 omnibus
784 3087 804 3136 a
824 3066 1004 3137 Thabraca
1028 3082 1143 3155 usque
1165 3064 1211 3135 ad
1233 3063 1418 3136 Rusicadis
1445 3063 1494 3135 vi·

430 3191 524 3263 cinia
561 3190 761 3283 littoribus,
797 3190 955 3262 civitates
996 3189 1035 3259 in
1068 3189 1299 3260 interioribus
1339 3187 1494 3279 regionis

429 3314 590 3405 partibus
610 3315 697 3386 sitas
717 3305 902 3386 continent
924 3313 1118 3396 Calamam,
1138 3312 1403 3384 Thubursicum
1424 3312 1493 3383 Nu·
1551 3330 1553 3333 ’

432 3435 623 3527 midarum‚
646 3439 824 3529 Tipasam,
848 3438 1058 3529 Thagastem
1079 3444 1113 3510 ot
1133 3438 1343 3528 Tbagoram,
1365 3436 1494 3525 Narag-

431 3580 569 3654 garam,
614 3561 748 3634 Siccam
792 3563 1001 3645 Veneriam,
1042 3562 1271 3634 llltbiburum
1308 3561 1496 3652 ipsamque

430 3688 586 3771 Zamam,
610 3705 727 3777 neque
751 3686 872 3760 minus
887 3693 997 3760 totam
1017 3686 1184 3779 Bagrada
1198 3687 1315 3758 amnis
1335 3684 1494 3776 superio·

463 4049 497 4112 (l)
514 4047 564 4099 Dio
577 4047 660 4106 Cass..
677 4048 749 4110 LIX,
763 4048 803 4109 aa
817 4048 890 4110 Tac,
906 4049 981 4107 Hiar..
996 4047 1043 4110 IV,
1060 4048 1098 4099 ts.

465 4139 498 4205 (2)
515 4137 577 4196 vlo.
598 4141 625 4191 d.
646 4137 823 4200 l.t.,T111‚
843 4153 868 4203 p.
888 4151 942 4190 xvr.

462 4229 610 4282 Receatiero
628 4229 760 4281 aomina:
780 4227 903 4290 Guelma‚
926 4227 1075 4288 Khamissa‚
1090 4226 1192 4290 Timon,
1205 4225 1387 4286 §ouh-Arbae,
1397 4225 1493 4288 Teura,

388 4341 390 4345 ·
432 4317 613 4380 Sidi-Tonsos,
628 4317 738 4380 m-Ker,
756 4316 1000 4372 Habebit-Medinat.
1016 4375 1030 4394 ·
1053 4341 1056 4351 Δ
