<?xml version="1.0" encoding="UTF-8"?>
<!DOCTYPE html PUBLIC "-//W3C//DTD XHTML 1.0 Transitional//EN"
    "http://www.w3.org/TR/xhtml1/DTD/xhtml1-transitional.dtd">
<html xmlns="http://www.w3.org/1999/xhtml" xml:lang="en" lang="en">
 <head>
  <title>
</title>
<meta http-equiv="Content-Type" content="text/html;charset=utf-8" />
  <meta name='ocr-system' content='tesseract 3.04.00' />
  <meta name='ocr-capabilities' content='ocr_page ocr_carea ocr_par ocr_line ocrx_word'/>
</head>
<body>
  <div class='ocr_page' id='page_1' title='image "./deregejubaregis00blangoog_0025.png"; bbox 0 0 3498 5324; ppageno 0'>
   <div class='ocr_carea' id='block_1_1' title="bbox 760 555 1053 630">
    <p class='ocr_par' dir='ltr' id='par_1_1' title="bbox 760 555 1053 630">
     <span class='ocr_line' id='line_1_1' title="bbox 760 555 1053 630; baseline 0 -10"><span class='ocrx_word' id='word_1_1' title='bbox 760 625 763 630; x_wconf 62' lang='grc'><strong>,</strong></span> <span class='ocrx_word' id='word_1_2' title='bbox 852 555 1053 620; x_wconf 54' lang='lat' dir='ltr'>*ill—1</span> 
     </span>
    </p>
   </div>
   <div class='ocr_carea' id='block_1_2' title="bbox 398 693 1465 1289">
    <p class='ocr_par' dir='ltr' id='par_1_2' title="bbox 398 693 1465 1289">
     <span class='ocr_line' id='line_1_2' title="bbox 401 693 1464 784; baseline 0 -16"><span class='ocrx_word' id='word_1_3' title='bbox 401 693 550 768; x_wconf 87' lang='lat' dir='ltr'>ultimas·</span> <span class='ocrx_word' id='word_1_4' title='bbox 573 695 718 784; x_wconf 93' lang='lat' dir='ltr'>quidem</span> <span class='ocrx_word' id='word_1_5' title='bbox 746 695 877 766; x_wconf 80' lang='lat' dir='ltr'>diserte</span> <span class='ocrx_word' id='word_1_6' title='bbox 906 697 1072 769; x_wconf 89' lang='lat' dir='ltr'>retulisse</span> <span class='ocrx_word' id='word_1_7' title='bbox 1100 698 1195 769; x_wconf 89' lang='lat' dir='ltr'>tituli</span> <span class='ocrx_word' id='word_1_8' title='bbox 1224 698 1464 780; x_wconf 88' lang='lat' dir='ltr'>conditorem,</span> 
     </span>
     <span class='ocr_line' id='line_1_3' title="bbox 399 819 1465 913; baseline 0 -21"><span class='ocrx_word' id='word_1_9' title='bbox 399 820 480 892; x_wconf 89' lang='lat' dir='ltr'>aliis</span> <span class='ocrx_word' id='word_1_10' title='bbox 525 827 642 890; x_wconf 88' lang='lat' dir='ltr'>autem</span> <span class='ocrx_word' id='word_1_11' title='bbox 689 819 833 890; x_wconf 90' lang='lat' dir='ltr'>omissis</span> <span class='ocrx_word' id='word_1_12' title='bbox 872 821 991 893; x_wconf 87' lang='lat' dir='ltr'>subito</span> <span class='ocrx_word' id='word_1_13' title='bbox 1035 822 1081 892; x_wconf 89' lang='lat' dir='ltr'>ad</span> <span class='ocrx_word' id='word_1_14' title='bbox 1119 823 1242 913; x_wconf 76' lang='lat' dir='ltr'>stirpis</span> <span class='ocrx_word' id='word_1_15' title='bbox 1285 831 1465 894; x_wconf 76' lang='lat' dir='ltr'>auctorem</span> 
     </span>
     <span class='ocr_line' id='line_1_4' title="bbox 400 945 1465 1040; baseline 0 -22"><span class='ocrx_word' id='word_1_16' title='bbox 400 945 608 1040; x_wconf 78' lang='lat' dir='ltr'>transiisse,</span> <span class='ocrx_word' id='word_1_17' title='bbox 636 953 675 1017; x_wconf 93' lang='lat' dir='ltr'>ut</span> <span class='ocrx_word' id='word_1_18' title='bbox 706 946 746 1016; x_wconf 87' lang='lat' dir='ltr'>fit</span> <span class='ocrx_word' id='word_1_19' title='bbox 770 946 807 1017; x_wconf 90' lang='lat' dir='ltr'>iu</span> <span class='ocrx_word' id='word_1_20' title='bbox 838 965 950 1037; x_wconf 88' lang='lat' dir='ltr'>graeca</span> <span class='ocrx_word' id='word_1_21' title='bbox 975 948 1094 1039; x_wconf 91' lang='lat' dir='ltr'>lapide</span> <span class='ocrx_word' id='word_1_22' title='bbox 1121 967 1192 1038; x_wconf 93' lang='lat' dir='ltr'>qua</span> <span class='ocrx_word' id='word_1_23' title='bbox 1221 947 1319 1018; x_wconf 87' lang='lat' dir='ltr'>filius</span> <span class='ocrx_word' id='word_1_24' title='bbox 1349 947 1465 1037; x_wconf 90' lang='lat' dir='ltr'>ipsius</span> 
     </span>
     <span class='ocr_line' id='line_1_5' title="bbox 398 1070 1464 1164; baseline 0.001 -22"><span class='ocrx_word' id='word_1_25' title='bbox 398 1072 501 1146; x_wconf 83' lang='lat' dir='ltr'>lubae</span> <span class='ocrx_word' id='word_1_26' title='bbox 519 1070 717 1144; x_wconf 81' lang='lat' dir='ltr'>celebratur</span> <span class='ocrx_word' id='word_1_27' title='bbox 736 1078 770 1144; x_wconf 87' lang='lat' dir='ltr'>et</span> <span class='ocrx_word' id='word_1_28' title='bbox 796 1089 815 1142; x_wconf 88' lang='lat' dir='ltr'>e</span> <span class='ocrx_word' id='word_1_29' title='bbox 842 1072 954 1163; x_wconf 86' lang='lat' dir='ltr'>stirpe</span> <span class='ocrx_word' id='word_1_30' title='bbox 981 1073 1162 1144; x_wconf 78' lang='lat' dir='ltr'>Ptolemaei</span> <span class='ocrx_word' id='word_1_31' title='bbox 1190 1072 1340 1164; x_wconf 83' lang='lat' dir='ltr'>AEgyptii</span> <span class='ocrx_word' id='word_1_32' title='bbox 1364 1079 1464 1144; x_wconf 90' lang='lat' dir='ltr'>ortus</span> 
     </span>
     <span class='ocr_line' id='line_1_6' title="bbox 400 1193 821 1289; baseline -0.007 -21"><span class='ocrx_word' id='word_1_33' title='bbox 400 1215 480 1269; x_wconf 90' lang='lat' dir='ltr'>esse</span> <span class='ocrx_word' id='word_1_34' title='bbox 500 1202 717 1272; x_wconf 88' lang='lat' dir='ltr'>memoratur</span> <span class='ocrx_word' id='word_1_35' title='bbox 739 1193 785 1289; x_wconf 89' lang='lat' dir='ltr'>(l)</span> <span class='ocrx_word' id='word_1_36' title='bbox 813 1221 821 1266; x_wconf 90' lang='lat'>:</span> 
     </span>
    </p>
   </div>
   <div class='ocr_carea' id='block_1_3' title="bbox 497 1397 1365 1887">
    <p class='ocr_par' dir='ltr' id='par_1_3' title="bbox 497 1397 1365 1887">
     <span class='ocr_line' id='line_1_7' title="bbox 884 1402 910 1459; baseline 0 0"><span class='ocrx_word' id='word_1_37' title='bbox 884 1402 910 1459; x_wconf 93' lang='grc' dir='ltr'>Δ</span> 
     </span>
     <span class='ocr_line' id='line_1_8' title="bbox 498 1397 1364 1568; baseline -0.002 0"><span class='ocrx_word' id='word_1_38' title='bbox 498 1504 670 1568; x_wconf 67' lang='lat' dir='ltr'>scitust</span> <span class='ocrx_word' id='word_1_39' title='bbox 694 1397 1214 1568; x_wconf 50' lang='grc' dir='ltr'>ΠΤΟΛΕΟΜΑΙΙΙΟΙὫΟΒίΣΙΛΕΩΣ</span> <span class='ocrx_word' id='word_1_40' title='bbox 1241 1503 1364 1567; x_wconf 75' lang='lat' dir='ltr'>toret</span> 
     </span>
     <span class='ocr_line' id='line_1_9' title="bbox 497 1609 1362 1674; baseline 0.001 -4"><span class='ocrx_word' id='word_1_41' title='bbox 497 1610 597 1674; x_wconf 85' lang='grc' dir='ltr'>ΥΙΟΝ</span> <span class='ocrx_word' id='word_1_42' title='bbox 623 1609 836 1674; x_wconf 83' lang='grc' dir='ltr'>ΒΑΣΙΛΕΩΣ</span> <span class='ocrx_word' id='word_1_43' title='bbox 861 1610 1144 1674; x_wconf 81' lang='grc' dir='ltr'><strong>ΠΤΟΛΕΜΑΙΟΥ</strong></span> <span class='ocrx_word' id='word_1_44' title='bbox 1168 1609 1362 1673; x_wconf 87' lang='grc' dir='ltr'>ΕΚΓΟΝΟΝ</span> 
     </span>
     <span class='ocr_line' id='line_1_10' title="bbox 498 1717 1365 1782; baseline -0.005 -1"><span class='ocrx_word' id='word_1_45' title='bbox 498 1717 663 1781; x_wconf 82' lang='grc' dir='ltr'>ΑΡΕΤΗΣ</span> <span class='ocrx_word' id='word_1_46' title='bbox 693 1717 848 1782; x_wconf 87' lang='grc' dir='ltr'>ΕΝΕΚΕΝ</span> <span class='ocrx_word' id='word_1_47' title='bbox 878 1717 940 1779; x_wconf 82' lang='grc' dir='ltr'>ΚΑΙ</span> <span class='ocrx_word' id='word_1_48' title='bbox 970 1717 1150 1781; x_wconf 81' lang='grc' dir='ltr'>ΕΥΝΟΙΑΣ</span> <span class='ocrx_word' id='word_1_49' title='bbox 1175 1717 1261 1779; x_wconf 87' lang='grc' dir='ltr'>ΤΗΣ</span> <span class='ocrx_word' id='word_1_50' title='bbox 1287 1717 1365 1779; x_wconf 72' lang='lat' dir='ltr'>Etr</span> 
     </span>
     <span class='ocr_line' id='line_1_11' title="bbox 891 1823 979 1887; baseline -0.023 -1"><span class='ocrx_word' id='word_1_51' title='bbox 891 1823 979 1887; x_wconf 85' lang='grc' dir='ltr'>ΤΟΥ</span> 
     </span>
    </p>
   </div>
   <div class='ocr_carea' id='block_1_4' title="bbox 397 2002 1465 4209">
    <p class='ocr_par' dir='ltr' id='par_1_4' title="bbox 397 2002 1465 4209">
     <span class='ocr_line' id='line_1_12' title="bbox 449 2002 1465 2092; baseline -0.003 -17"><span class='ocrx_word' id='word_1_52' title='bbox 449 2004 518 2075; x_wconf 87' lang='lat' dir='ltr'>Sed</span> <span class='ocrx_word' id='word_1_53' title='bbox 538 2021 557 2073; x_wconf 90' lang='lat' dir='ltr'>a</span> <span class='ocrx_word' id='word_1_54' title='bbox 576 2002 667 2074; x_wconf 88' lang='lat' dir='ltr'>Juba</span> <span class='ocrx_word' id='word_1_55' title='bbox 682 2003 727 2074; x_wconf 92' lang='lat' dir='ltr'>ad</span> <span class='ocrx_word' id='word_1_56' title='bbox 743 2003 969 2074; x_wconf 85' lang='lat' dir='ltr'>Masinissam</span> <span class='ocrx_word' id='word_1_57' title='bbox 987 2021 1060 2074; x_wconf 91' lang='lat' dir='ltr'>nou</span> <span class='ocrx_word' id='word_1_58' title='bbox 1080 2003 1162 2092; x_wconf 93' lang='lat' dir='ltr'>plus</span> <span class='ocrx_word' id='word_1_59' title='bbox 1182 2021 1289 2092; x_wconf 90' lang='lat' dir='ltr'>quem</span> <span class='ocrx_word' id='word_1_60' title='bbox 1311 2009 1465 2092; x_wconf 87' lang='lat' dir='ltr'>quatuor</span> 
     </span>
     <span class='ocr_line' id='line_1_13' title="bbox 399 2127 1465 2219; baseline -0.004 -19"><span class='ocrx_word' id='word_1_61' title='bbox 399 2129 529 2219; x_wconf 89' lang='lat' dir='ltr'>gradus</span> <span class='ocrx_word' id='word_1_62' title='bbox 549 2147 611 2218; x_wconf 89' lang='lat' dir='ltr'>per</span> <span class='ocrx_word' id='word_1_63' title='bbox 626 2127 756 2198; x_wconf 90' lang='lat' dir='ltr'>scalam</span> <span class='ocrx_word' id='word_1_64' title='bbox 777 2129 1038 2219; x_wconf 77' lang='lat' dir='ltr'>genealogicam</span> <span class='ocrx_word' id='word_1_65' title='bbox 1060 2128 1254 2208; x_wconf 87' lang='lat' dir='ltr'>intersunt,</span> <span class='ocrx_word' id='word_1_66' title='bbox 1274 2147 1339 2199; x_wconf 87' lang='lat' dir='ltr'>neo</span> <span class='ocrx_word' id='word_1_67' title='bbox 1358 2146 1465 2197; x_wconf 89' lang='lat' dir='ltr'>causa</span> 
     </span>
     <span class='ocr_line' id='line_1_14' title="bbox 399 2250 1464 2343; baseline -0.004 -19"><span class='ocrx_word' id='word_1_68' title='bbox 399 2272 461 2325; x_wconf 92' lang='lat' dir='ltr'>cur</span> <span class='ocrx_word' id='word_1_69' title='bbox 480 2253 594 2324; x_wconf 81' lang='lat' dir='ltr'>tribus</span> <span class='ocrx_word' id='word_1_70' title='bbox 617 2252 778 2342; x_wconf 89' lang='lat' dir='ltr'>allegatis</span> <span class='ocrx_word' id='word_1_71' title='bbox 799 2270 910 2322; x_wconf 90' lang='lat' dir='ltr'>unum</span> <span class='ocrx_word' id='word_1_72' title='bbox 933 2253 1195 2342; x_wconf 82' lang='lat' dir='ltr'>relinqueretur</span> <span class='ocrx_word' id='word_1_73' title='bbox 1222 2257 1370 2343; x_wconf 88' lang='lat' dir='ltr'>pateret.</span> <span class='ocrx_word' id='word_1_74' title='bbox 1394 2250 1464 2323; x_wconf 83' lang='lat' dir='ltr'>ch-</span> 
     </span>
     <span class='ocr_line' id='line_1_15' title="bbox 399 2376 1464 2466; baseline -0.004 -17"><span class='ocrx_word' id='word_1_75' title='bbox 399 2379 494 2449; x_wconf 86' lang='lat' dir='ltr'>rium</span> <span class='ocrx_word' id='word_1_76' title='bbox 514 2385 631 2448; x_wconf 84' lang='lat' dir='ltr'>autem</span> <span class='ocrx_word' id='word_1_77' title='bbox 653 2378 781 2466; x_wconf 89' lang='lat' dir='ltr'>cuique</span> <span class='ocrx_word' id='word_1_78' title='bbox 799 2384 872 2457; x_wconf 90' lang='lat' dir='ltr'>est,</span> <span class='ocrx_word' id='word_1_79' title='bbox 896 2376 934 2446; x_wconf 91' lang='lat' dir='ltr'>in</span> <span class='ocrx_word' id='word_1_80' title='bbox 952 2378 1055 2448; x_wconf 87' lang='lat' dir='ltr'>titulo</span> <span class='ocrx_word' id='word_1_81' title='bbox 1076 2377 1267 2448; x_wconf 87' lang='lat' dir='ltr'>honorario</span> <span class='ocrx_word' id='word_1_82' title='bbox 1284 2384 1318 2448; x_wconf 90' lang='lat' dir='ltr'>et</span> <span class='ocrx_word' id='word_1_83' title='bbox 1336 2376 1382 2446; x_wconf 88' lang='lat' dir='ltr'>ab</span> <span class='ocrx_word' id='word_1_84' title='bbox 1402 2376 1464 2446; x_wconf 90' lang='lat' dir='ltr'>ho-</span> 
     </span>
     <span class='ocr_line' id='line_1_16' title="bbox 399 2500 1464 2596; baseline -0.003 -22"><span class='ocrx_word' id='word_1_85' title='bbox 399 2503 558 2574; x_wconf 88' lang='lat' dir='ltr'>minibus</span> <span class='ocrx_word' id='word_1_86' title='bbox 578 2503 711 2592; x_wconf 82' lang='lat' dir='ltr'>publici</span> <span class='ocrx_word' id='word_1_87' title='bbox 731 2504 973 2573; x_wconf 83' lang='lat' dir='ltr'>Romanorum</span> <span class='ocrx_word' id='word_1_88' title='bbox 994 2503 1086 2591; x_wconf 75' lang='lat' dir='ltr'>iuris</span> <span class='ocrx_word' id='word_1_89' title='bbox 1110 2502 1230 2593; x_wconf 89' lang='lat' dir='ltr'>guaris</span> <span class='ocrx_word' id='word_1_90' title='bbox 1251 2500 1398 2596; x_wconf 90' lang='lat' dir='ltr'>(quippe</span> <span class='ocrx_word' id='word_1_91' title='bbox 1417 2501 1464 2572; x_wconf 89' lang='lat' dir='ltr'>oi-</span> 
     </span>
     <span class='ocr_line' id='line_1_17' title="bbox 397 2623 1463 2721; baseline -0.001 -25"><span class='ocrx_word' id='word_1_92' title='bbox 397 2627 501 2698; x_wconf 85' lang='lat' dir='ltr'>ribus</span> <span class='ocrx_word' id='word_1_93' title='bbox 516 2625 682 2697; x_wconf 87' lang='lat' dir='ltr'>&#39;romanis</span> <span class='ocrx_word' id='word_1_94' title='bbox 710 2627 918 2698; x_wconf 88' lang='lat' dir='ltr'>clarissimae</span> <span class='ocrx_word' id='word_1_95' title='bbox 938 2623 1103 2721; x_wconf 85' lang='lat' dir='ltr'>coloniae)</span> <span class='ocrx_word' id='word_1_96' title='bbox 1122 2626 1259 2719; x_wconf 89' lang='lat' dir='ltr'>posito,</span> <span class='ocrx_word' id='word_1_97' title='bbox 1281 2625 1463 2697; x_wconf 87' lang='lat' dir='ltr'>neminem</span> 
     </span>
     <span class='ocr_line' id='line_1_18' title="bbox 398 2751 1464 2843; baseline -0.001 -21"><span class='ocrx_word' id='word_1_98' title='bbox 398 2751 469 2823; x_wconf 87' lang='lat' dir='ltr'>nisi</span> <span class='ocrx_word' id='word_1_99' title='bbox 495 2769 611 2843; x_wconf 91' lang='lat' dir='ltr'>regem</span> <span class='ocrx_word' id='word_1_100' title='bbox 635 2772 656 2821; x_wconf 92' lang='lat' dir='ltr'>a</span> <span class='ocrx_word' id='word_1_101' title='bbox 684 2758 809 2822; x_wconf 85' lang='lat' dir='ltr'>senatu</span> <span class='ocrx_word' id='word_1_102' title='bbox 839 2753 1045 2842; x_wconf 88' lang='lat' dir='ltr'>populoque</span> <span class='ocrx_word' id='word_1_103' title='bbox 1071 2769 1218 2822; x_wconf 86' lang='lat' dir='ltr'>romano</span> <span class='ocrx_word' id='word_1_104' title='bbox 1246 2751 1464 2841; x_wconf 89' lang='lat' dir='ltr'>appellatum</span> 
     </span>
     <span class='ocr_line' id='line_1_19' title="bbox 399 2874 1464 2966; baseline -0.002 -19"><span class='ocrx_word' id='word_1_105' title='bbox 399 2875 576 2966; x_wconf 88' lang='lat' dir='ltr'>collocari.</span> <span class='ocrx_word' id='word_1_106' title='bbox 595 2874 698 2961; x_wconf 90' lang='lat' dir='ltr'>Quod</span> <span class='ocrx_word' id='word_1_107' title='bbox 720 2893 799 2946; x_wconf 89' lang='lat' dir='ltr'>cum</span> <span class='ocrx_word' id='word_1_108' title='bbox 820 2882 914 2946; x_wconf 86' lang='lat' dir='ltr'>statu</span> <span class='ocrx_word' id='word_1_109' title='bbox 936 2877 1098 2965; x_wconf 89' lang='lat' dir='ltr'>alioquin</span> <span class='ocrx_word' id='word_1_110' title='bbox 1120 2884 1204 2948; x_wconf 89' lang='lat' dir='ltr'>uoto</span> <span class='ocrx_word' id='word_1_111' title='bbox 1224 2874 1402 2946; x_wconf 87' lang='lat' dir='ltr'>Numidiae</span> <span class='ocrx_word' id='word_1_112' title='bbox 1426 2882 1464 2946; x_wconf 93' lang='lat' dir='ltr'>ut</span> 
     </span>
     <span class='ocr_line' id='line_1_20' title="bbox 399 2998 1460 3091; baseline -0.005 -19"><span class='ocrx_word' id='word_1_113' title='bbox 399 3000 555 3091; x_wconf 90' lang='lat' dir='ltr'>potentis</span> <span class='ocrx_word' id='word_1_114' title='bbox 582 2999 633 3070; x_wconf 87' lang='lat' dir='ltr'>sic</span> <span class='ocrx_word' id='word_1_115' title='bbox 656 2999 891 3089; x_wconf 87' lang='lat' dir='ltr'>quietissimae</span> <span class='ocrx_word' id='word_1_116' title='bbox 916 3007 1086 3091; x_wconf 89' lang='lat' dir='ltr'>regnante</span> <span class='ocrx_word' id='word_1_117' title='bbox 1112 2999 1259 3090; x_wconf 86' lang='lat' dir='ltr'>Micipsa</span> <span class='ocrx_word' id='word_1_118' title='bbox 1282 2998 1460 3070; x_wconf 86' lang='lat' dir='ltr'>convenit.</span> 
     </span>
     <span class='ocr_line' id='line_1_21' title="bbox 400 3123 1463 3215; baseline -0.002 -21"><span class='ocrx_word' id='word_1_119' title='bbox 400 3126 499 3194; x_wconf 91' lang='lat' dir='ltr'>lllam</span> <span class='ocrx_word' id='word_1_120' title='bbox 515 3129 634 3196; x_wconf 90' lang='lat' dir='ltr'>autem</span> <span class='ocrx_word' id='word_1_121' title='bbox 651 3143 732 3214; x_wconf 90' lang='lat' dir='ltr'>quae</span> <span class='ocrx_word' id='word_1_122' title='bbox 747 3124 857 3196; x_wconf 89' lang='lat' dir='ltr'>lertur</span> <span class='ocrx_word' id='word_1_123' title='bbox 873 3125 1086 3196; x_wconf 89' lang='lat' dir='ltr'>divisionem</span> <span class='ocrx_word' id='word_1_124' title='bbox 1108 3144 1191 3215; x_wconf 90' lang='lat' dir='ltr'>qua,</span> <span class='ocrx_word' id='word_1_125' title='bbox 1209 3143 1316 3215; x_wconf 89' lang='lat' dir='ltr'>reguo</span> <span class='ocrx_word' id='word_1_126' title='bbox 1334 3123 1371 3193; x_wconf 89' lang='lat' dir='ltr'>in</span> <span class='ocrx_word' id='word_1_127' title='bbox 1392 3129 1463 3194; x_wconf 87' lang='lat' dir='ltr'>tres</span> 
     </span>
     <span class='ocr_line' id='line_1_22' title="bbox 399 3247 1463 3340; baseline 0 -22"><span class='ocrx_word' id='word_1_128' title='bbox 399 3255 517 3338; x_wconf 90' lang='lat' dir='ltr'>partes</span> <span class='ocrx_word' id='word_1_129' title='bbox 541 3249 752 3332; x_wconf 87' lang='lat' dir='ltr'>constituto,</span> <span class='ocrx_word' id='word_1_130' title='bbox 779 3250 874 3340; x_wconf 89' lang='lat' dir='ltr'>regia</span> <span class='ocrx_word' id='word_1_131' title='bbox 901 3257 1020 3321; x_wconf 91' lang='lat' dir='ltr'>tamen</span> <span class='ocrx_word' id='word_1_132' title='bbox 1047 3250 1238 3321; x_wconf 88' lang='lat' dir='ltr'>auctoritas</span> <span class='ocrx_word' id='word_1_133' title='bbox 1263 3247 1463 3322; x_wconf 87' lang='lat' dir='ltr'>eommunis</span> 
     </span>
     <span class='ocr_line' id='line_1_23' title="bbox 399 3373 1464 3465; baseline 0 -23"><span class='ocrx_word' id='word_1_134' title='bbox 399 3373 611 3455; x_wconf 86' lang='lat' dir='ltr'>mansisset,</span> <span class='ocrx_word' id='word_1_135' title='bbox 633 3373 683 3444; x_wconf 88' lang='lat' dir='ltr'>ita</span> <span class='ocrx_word' id='word_1_136' title='bbox 700 3380 739 3444; x_wconf 87' lang='lat' dir='ltr'>ut</span> <span class='ocrx_word' id='word_1_137' title='bbox 758 3392 852 3445; x_wconf 88' lang='lat' dir='ltr'>uuus</span> <span class='ocrx_word' id='word_1_138' title='bbox 874 3392 947 3445; x_wconf 93' lang='lat' dir='ltr'>rem</span> <span class='ocrx_word' id='word_1_139' title='bbox 966 3375 1230 3465; x_wconf 86' lang='lat' dir='ltr'>pecuniariam,</span> <span class='ocrx_word' id='word_1_140' title='bbox 1253 3373 1346 3444; x_wconf 86' lang='lat' dir='ltr'>alius</span> <span class='ocrx_word' id='word_1_141' title='bbox 1366 3390 1464 3444; x_wconf 84' lang='lat' dir='ltr'>erer-</span> 
     </span>
     <span class='ocr_line' id='line_1_24' title="bbox 399 3497 1464 3590; baseline -0.001 -22"><span class='ocrx_word' id='word_1_142' title='bbox 399 3497 503 3585; x_wconf 78' lang='lat' dir='ltr'>citnS,</span> <span class='ocrx_word' id='word_1_143' title='bbox 526 3498 652 3571; x_wconf 91' lang='lat' dir='ltr'>tertius</span> <span class='ocrx_word' id='word_1_144' title='bbox 668 3499 844 3589; x_wconf 88' lang='lat' dir='ltr'>justitiam</span> <span class='ocrx_word' id='word_1_145' title='bbox 865 3500 1150 3585; x_wconf 87' lang='lat' dir='ltr'>administraret,</span> <span class='ocrx_word' id='word_1_146' title='bbox 1173 3500 1255 3590; x_wconf 90' lang='lat' dir='ltr'>quis</span> <span class='ocrx_word' id='word_1_147' title='bbox 1271 3517 1345 3570; x_wconf 89' lang='lat' dir='ltr'>non</span> <span class='ocrx_word' id='word_1_148' title='bbox 1360 3498 1464 3570; x_wconf 89' lang='lat' dir='ltr'>intel-</span> 
     </span>
     <span class='ocr_line' id='line_1_25' title="bbox 400 3621 1460 3714; baseline 0 -22"><span class='ocrx_word' id='word_1_149' title='bbox 400 3621 476 3712; x_wconf 89' lang='lat' dir='ltr'>ligit</span> <span class='ocrx_word' id='word_1_150' title='bbox 500 3622 657 3693; x_wconf 85' lang='lat' dir='ltr'>tabulam</span> <span class='ocrx_word' id='word_1_151' title='bbox 678 3641 774 3705; x_wconf 89' lang='lat' dir='ltr'>esse,</span> <span class='ocrx_word' id='word_1_152' title='bbox 798 3642 863 3695; x_wconf 88' lang='lat' dir='ltr'>uec</span> <span class='ocrx_word' id='word_1_153' title='bbox 890 3643 944 3695; x_wconf 91' lang='lat' dir='ltr'>res</span> <span class='ocrx_word' id='word_1_154' title='bbox 966 3625 1015 3695; x_wconf 88' lang='lat' dir='ltr'>ita</span> <span class='ocrx_word' id='word_1_155' title='bbox 1034 3623 1201 3714; x_wconf 91' lang='lat' dir='ltr'>componi</span> <span class='ocrx_word' id='word_1_156' title='bbox 1231 3630 1292 3695; x_wconf 92' lang='lat' dir='ltr'>aut</span> <span class='ocrx_word' id='word_1_157' title='bbox 1317 3639 1460 3712; x_wconf 89' lang='lat' dir='ltr'>compo·</span> 
     </span>
     <span class='ocr_line' id='line_1_26' title="bbox 400 3743 1465 3838; baseline -0.001 -22"><span class='ocrx_word' id='word_1_158' title='bbox 400 3745 486 3816; x_wconf 89' lang='lat' dir='ltr'>sitas</span> <span class='ocrx_word' id='word_1_159' title='bbox 516 3745 645 3816; x_wconf 86' lang='lat' dir='ltr'>durare</span> <span class='ocrx_word' id='word_1_160' title='bbox 671 3745 849 3836; x_wconf 90' lang='lat' dir='ltr'>potuisse,</span> <span class='ocrx_word' id='word_1_161' title='bbox 880 3748 1077 3837; x_wconf 77' lang='lat' dir='ltr'>praesertim</span> <span class='ocrx_word' id='word_1_162' title='bbox 1102 3746 1198 3838; x_wconf 90' lang='lat' dir='ltr'>apud</span> <span class='ocrx_word' id='word_1_163' title='bbox 1223 3765 1283 3819; x_wconf 87' lang='lat' dir='ltr'>eas</span> <span class='ocrx_word' id='word_1_164' title='bbox 1312 3743 1465 3838; x_wconf 81' lang='lat' dir='ltr'>gentes?</span> 
     </span>
     <span class='ocr_line' id='line_1_27' title="bbox 398 3870 1462 3962; baseline -0.003 -20"><span class='ocrx_word' id='word_1_165' title='bbox 398 3871 475 3942; x_wconf 90' lang='lat' dir='ltr'>Non</span> <span class='ocrx_word' id='word_1_166' title='bbox 491 3888 655 3960; x_wconf 89' lang='lat' dir='ltr'>negarem</span> <span class='ocrx_word' id='word_1_167' title='bbox 670 3870 788 3941; x_wconf 89' lang='lat' dir='ltr'>lorsan</span> <span class='ocrx_word' id='word_1_168' title='bbox 806 3889 905 3960; x_wconf 89' lang='lat' dir='ltr'>reges</span> <span class='ocrx_word' id='word_1_169' title='bbox 917 3872 1049 3960; x_wconf 87' lang='lat' dir='ltr'>saepius</span> <span class='ocrx_word' id='word_1_170' title='bbox 1059 3872 1257 3962; x_wconf 88' lang='lat' dir='ltr'>appellatos</span> <span class='ocrx_word' id='word_1_171' title='bbox 1272 3871 1462 3942; x_wconf 85' lang='lat' dir='ltr'>Gulussam</span> 
     </span>
     <span class='ocr_line' id='line_1_28' title="bbox 399 3993 1463 4087; baseline -0.002 -21"><span class='ocrx_word' id='word_1_172' title='bbox 399 3994 749 4084; x_wconf 83' lang='lat' dir='ltr'>Mastanabalemque</span> <span class='ocrx_word' id='word_1_173' title='bbox 763 4014 785 4065; x_wconf 89' lang='lat' dir='ltr'>a</span> <span class='ocrx_word' id='word_1_174' title='bbox 800 3996 888 4074; x_wconf 89' lang='lat' dir='ltr'>suis,</span> <span class='ocrx_word' id='word_1_175' title='bbox 907 3994 1013 4065; x_wconf 86' lang='lat' dir='ltr'>etiem</span> <span class='ocrx_word' id='word_1_176' title='bbox 1030 3995 1276 4087; x_wconf 88' lang='lat' dir='ltr'>aperegrinis,</span> <span class='ocrx_word' id='word_1_177' title='bbox 1295 3993 1463 4085; x_wconf 89' lang='lat' dir='ltr'>apopulo</span> 
     </span>
     <span class='ocr_line' id='line_1_29' title="bbox 398 4117 1464 4209; baseline -0.001 -20"><span class='ocrx_word' id='word_1_178' title='bbox 398 4136 546 4190; x_wconf 90' lang='lat' dir='ltr'>romano</span> <span class='ocrx_word' id='word_1_179' title='bbox 566 4136 765 4208; x_wconf 88' lang='lat' dir='ltr'>uunquam.</span> <span class='ocrx_word' id='word_1_180' title='bbox 782 4119 905 4208; x_wconf 88' lang='lat' dir='ltr'>Neque</span> <span class='ocrx_word' id='word_1_181' title='bbox 921 4117 1065 4190; x_wconf 84' lang='lat' dir='ltr'>obstant</span> <span class='ocrx_word' id='word_1_182' title='bbox 1083 4119 1222 4190; x_wconf 87' lang='lat' dir='ltr'>nummi</span> <span class='ocrx_word' id='word_1_183' title='bbox 1242 4137 1334 4209; x_wconf 92' lang='lat' dir='ltr'>quos</span> <span class='ocrx_word' id='word_1_184' title='bbox 1354 4117 1464 4192; x_wconf 90' lang='lat' dir='ltr'>lluel·</span> 
     </span>
    </p>
   </div>
   <div class='ocr_carea' id='block_1_5' title="bbox 429 4316 714 4382">
    <p class='ocr_par' dir='ltr' id='par_1_5' title="bbox 429 4316 714 4382">
     <span class='ocr_line' id='line_1_30' title="bbox 429 4316 714 4382; baseline -0.004 -15"><span class='ocrx_word' id='word_1_185' title='bbox 429 4316 463 4382; x_wconf 82' lang='lat' dir='ltr'>(t)</span> <span class='ocrx_word' id='word_1_186' title='bbox 480 4318 506 4367; x_wconf 87' lang='lat' dir='ltr'>c.</span> <span class='ocrx_word' id='word_1_187' title='bbox 523 4317 542 4366; x_wconf 84' lang='lat' dir='ltr'>r.</span> <span class='ocrx_word' id='word_1_188' title='bbox 559 4319 602 4376; x_wconf 80' lang='lat' dir='ltr'>a,</span> <span class='ocrx_word' id='word_1_189' title='bbox 618 4318 642 4376; x_wconf 88' lang='lat'>1,</span> <span class='ocrx_word' id='word_1_190' title='bbox 659 4316 714 4366; x_wconf 83' lang='lat' dir='ltr'>eso.</span> 
     </span>
    </p>
   </div>
   <div class='ocr_carea' id='block_1_6' title="bbox 0 0 1754 5324">
    <p class='ocr_par' dir='ltr' id='par_1_6' title="bbox 0 0 1754 5324">
     <span class='ocr_line' id='line_1_31' title="bbox 0 0 1754 5324; baseline 0 0"><span class='ocrx_word' id='word_1_191' title='bbox 0 0 1754 5324; x_wconf 95' lang='lat' dir='ltr'> </span> 
     </span>
    </p>
   </div>
  </div>
 </body>
</html>
