3490 5318
904 580 1085 644 ..lut-

462 741 541 796 oum
563 722 690 794 marito
709 719 899 812 impliciter
918 725 1095 793 monstrat
1114 716 1180 813 (l),
1208 725 1244 792 et
1262 735 1352 792 uror
1369 716 1528 801 Drusilla,

462 864 614 938 quaeum
633 845 672 916 in
691 845 852 918 Samaria
868 845 967 916 Felix
986 842 1137 936 degebat
1153 843 1313 918 Judaeam
1334 841 1447 914 luisse
1463 859 1525 912 no·

463 970 579 1048 vimus
609 965 674 1062 (i).
708 968 810 1054 Quod
834 970 865 1040 si
892 966 973 1040 duae
1002 967 1169 1042 Drusillae
1198 967 1343 1039 luerunt
1366 964 1525 1056 ejusdem

463 1092 590 1166 Felicis
618 1093 804 1184 conjuges,
832 1091 962 1164 erravit
984 1091 1110 1181 utique
1137 1090 1277 1164 Tacitus
1308 1089 1354 1162 ad
1379 1089 1525 1162 alteram

463 1215 653 1288 tribuendo
677 1234 759 1307 quae
778 1214 824 1287 ad
847 1213 960 1286 lilium
987 1213 1138 1288 Herodis
1161 1213 1355 1305 pertinent.
1382 1213 1447 1286 Sin
1465 1229 1526 1284 au·

463 1348 534 1414 tem
560 1340 598 1413 id
625 1347 736 1422 reete,
764 1357 950 1431 perperam
977 1346 1097 1412 tamen
1126 1339 1195 1412 hoo
1219 1337 1320 1412 aliud
1345 1323 1443 1429 quod
1468 1338 1527 1409 lu·

462 1462 576 1536 deam
604 1463 790 1536 mulierem
817 1462 918 1536 Juoae
942 1469 977 1534 et
1003 1461 1200 1552 Cleopatrae
1215 1460 1346 1560 ,fllium
1379 1478 1422 1533 ex
1449 1459 1527 1550 elus

464 1587 568 1662 dietis
596 1587 709 1660 fuisse
741 1586 1013 1678 intelligeretur.
1049 1585 1257 1660 Remedium
1290 1604 1404 1658 unum
1439 1584 1528 1658 toret

465 1712 581 1804 quod,
609 1711 711 1784 tuhae
736 1730 810 1784 non
834 1711 1030 1802 Cleopatrae
1055 1709 1147 1794 lilia,
1176 1710 1344 1802 insyria
1375 1727 1419 1784 ex
1450 1709 1528 1782 Gla

466 1835 579 1928 phyra
597 1835 830 1917 ludunensis,
848 1853 921 1907 una
935 1852 1015 1908 oum
1035 1839 1148 1908 matre
1164 1834 1286 1908 relieta
1303 1832 1449 1916 luisset;
1467 1832 1531 1906 sed

455 1960 516 2047 ¹ite
535 1978 680 2051 quoque
698 1967 858 2051 peeoaret
876 1959 1016 2032 Tacitus
1040 1959 1104 2050 qui
1122 1976 1201 2031 eam
1220 1958 1367 2032 Antonii
1387 1964 1530 2049 neptem

471 2102 535 2175 per
553 2083 805 2175 negligentiam
825 2082 957 2156 diceret
977 2108 985 2154 ε
1007 2081 1106 2173 quod
1124 2082 1270 2173 quidem
1293 2101 1367 2155 non
1386 2081 1531 2156 ereden-

466 2207 552 2280 dum
573 2213 640 2290 est,
661 2207 747 2280 dum
767 2214 840 2279 tam
859 2207 993 2280 diserte
1011 2208 1089 2298 ejus
1108 2225 1188 2279 oum
1208 2205 1356 2280 Claudio
1377 2206 1531 2296 lmpera·

467 2338 544 2404 tore
563 2330 719 2405 declarat
735 2331 1052 2405 neeessitudineur.
1074 2330 1262 2406 Crederem
1277 2348 1341 2422 ego
1355 2330 1531 2403 Drusillas

468 2456 559 2529 duas
578 2455 734 2527 trunio
758 2456 864 2528 Feliei
891 2455 1078 2546 nupsisse,
1103 2472 1194 2545 quas
1214 2455 1355 2528 Taeitus
1377 2459 1441 2526 aut
1464 2451 1532 2524 ali-

469 2584 648 2670 quatenus
679 2576 840 2658 contudit
862 2582 925 2649 aut
953 2575 1079 2649 saltem
1110 2577 1283 2650 haetenus
1312 2576 1468 2668 peooavit
1492 2581 1533 2649 ut

468 2703 649 2776 nonsatis
672 2703 765 2774 hene
783 2707 920 2774 caveret
946 2719 992 2774 ne
1012 2701 1253 2792 elegentibus
1273 2700 1533 2775 contunderen-

468 2835 538 2900 tur.
561 2828 638 2900 Una
656 2832 775 2899 autem
794 2826 862 2900 erit
880 2844 922 2898 eu
940 2826 986 2899 de
1005 2844 1078 2917 qua
1094 2826 1273 2916 Iosephus
1291 2825 1464 2917 loquitur,
1486 2824 1530 2897 li·

469 2950 517 3021 lia
539 2948 690 3022 Herodis
719 2950 896 3042 Agrippae.
928 2948 1085 3022 Alteram
1107 2948 1248 3023 Taoitus
1274 2948 1362 3024 dreit
1385 2948 1533 3022 Antonii

469 3081 504 3146 et
527 3072 722 3164 Cleopatrae
745 3080 909 3164 neptem,
935 3091 1009 3146 non
1037 3072 1123 3146 dioit
1148 3072 1250 3146 lubae
1272 3071 1399 3146 filiam.
1432 3073 1534 3148 ridde

470 3198 568 3289 quod
598 3204 758 3288 tempora
783 3196 945 3279 obstant,
980 3215 1064 3270 nam
1089 3198 1218 3270 Selene
1241 3191 1531 3272 antechristum

470 3328 594 3394 natum
612 3321 702 3393 obiit
720 3328 755 3394 et
769 3317 867 3392 Felix
882 3339 962 3393 euru
978 3321 1136 3394 Drusilla
1154 3321 1291 3394 ultimis
1311 3321 1452 3396 Claudii
1470 3323 1534 3396 im·

470 3445 629 3535 pereatis
647 3444 754 3516 annis
772 3445 812 3515 in
829 3445 953 3518 Judeea
968 3444 1049 3530 iuit,
1070 3463 1165 3535 quae,
1187 3443 1219 3518 si
1238 3443 1314 3528 lilia
1329 3445 1432 3522 tune
1450 3445 1534 3521 luis·

471 3575 538 3652 set,
568 3588 588 3640 u
611 3587 648 3660 p.
678 3587 727 3642 nr.
756 3587 872 3641 annos
898 3570 1035 3642 natael
1061 3568 1229 3661 nupsisse
1247 3568 1410 3653 deberet,
1436 3569 1534 3662 quod

471 3691 531 3765 vix
549 3691 766 3766 eredendum
785 3691 937 3766 videtur.
960 3695 1070 3766 Erant
1088 3702 1208 3767 autem
1223 3693 1372 3767 Antonii
1386 3694 1533 3788 Cleopa·

471 3823 608 3907 treeque
622 3815 688 3890 lilii
707 3816 793 3900 duo,
818 3817 1030 3891 Ptolemaeus
1053 3817 1311 3910 Philadelphus
1330 3823 1367 3892 et
1385 3817 1535 3932 Menan·

472 3939 536 4014 der
558 3940 697 4025 llelios,
720 3959 811 4031 quos
830 3960 904 4014 una
925 3959 1006 4016 oum
1032 3941 1161 4018 Selene
1178 3941 1225 4016 ah
1244 3940 1387 4018 Octavia
1405 3941 1533 4019 eduee-

503 4245 537 4311 (l)
552 4245 625 4308 Tun,
635 4244 712 4306 nno..
722 4243 757 4304 V,
774 4244 799 4297 9.

504 4333 540 4398 (l)
556 4332 618 4386 Vid.
633 4333 740 4393 Renum,
753 4334 831 4388 Salat
842 4335 919 4395 Porti.
933 4348 958 4388 o.
974 4335 1037 4388 XX.
1158 4381 1162 4386 ,
