3498 5324
681 537 839 601 ..53-

220 675 289 762 dae,
309 677 484 748 Zuccabar
503 683 537 748 et
556 677 775 768 Tupusuctu,
794 677 974 766 pleraeque
989 677 1027 746 iu
1048 676 1236 748 maritimis
1256 685 1291 749 et

222 801 362 893 punicis
386 801 538 872 urbibus
559 800 731 873 deductae.
756 802 826 871 llas
847 800 919 872 lere
939 820 1063 874 omnes
1088 801 1233 874 videtur·
1250 821 1292 874 ex

221 926 398 998 veteranis
418 925 544 997 iecisse
564 932 646 1016 post
665 925 841 996 Actiacam
861 945 1031 1017 pugnam,
1050 945 1161 1016 quum
1180 927 1292 998 civilis

222 1053 307 1124 belli
324 1052 457 1124 milites
474 1070 536 1143 per
552 1052 674 1124 orbem
693 1053 901 1123 cclcncrum
916 1051 1021 1122 mode
1034 1052 1190 1142 quietem
1207 1053 1290 1135 sibi,

223 1177 461 1268 frequentiam
493 1176 615 1258 terris,
645 1177 792 1248 tutelam
821 1171 1013 1267 provinciis
1045 1177 1129 1248 dare
1157 1178 1290 1268 coegit,

224 1320 310 1373 auu.
333 1321 366 1372 a.
390 1301 430 1372 C.
452 1303 511 1371 50.
539 1279 805 1372 Carteuuamu
833 1301 924 1391 leg„
956 1300 1082 1372 Saldas
1111 1309 1145 1373 et
1178 1303 1294 1392 Tupu-

226 1431 328 1497 suctu
352 1405 399 1495 m
421 1425 586 1497 homiues
609 1424 779 1496 deductos
800 1425 911 1497 luisse
935 1433 968 1497 et
989 1425 1083 1496 tituli
1105 1433 1139 1498 et
1157 1426 1294 1498 Plinius

226 1548 353 1621 decent
376 1546 439 1642 (l).
466 1552 599 1620 llarum
622 1533 701 1622 vere
721 1549 883 1620 omnium
904 1550 1065 1622 condicio
1086 1571 1167 1641 quae
1190 1551 1296 1623 luerit

227 1676 313 1746 satis
347 1675 453 1746 etiam
484 1674 712 1746 discernitur.
742 1675 887 1765 Egregie
913 1675 1008 1747 euim
1035 1676 1295 1748 Wilmauusins

229 1799 376 1890 conjecit
395 1819 437 1871 ea
456 1819 536 1890 quae
557 1798 601 1870 de
617 1800 681 1870 lei
702 1799 840 1870 Plinius
859 1800 921 1886 ait,
945 1819 1065 1891 regum
1086 1801 1218 1873 scillcet
1238 1801 1293 1872 di-

230 1927 318 1996 tioni
338 1932 537 2016 exemptam
560 1926 714 2015 juraque
742 1925 777 1994 in
808 1925 972 1996 Baeticam
996 1932 1116 2014 petere
1138 1926 1292 2015 jussam,

229 2050 275 2122 ad
306 2050 463 2121 Babbam
499 2057 534 2121 et
575 2052 748 2120 Banasam
794 2050 960 2121 similiter
1003 2051 1188 2141 pervenire
1230 2048 1294 2143 (B).

231 2173 323 2259 Quid
350 2180 468 2246 autem
503 2175 549 2246 sit
584 2172 813 2244 sentiendum
843 2172 887 2245 de
924 2181 1001 2246 ecte
1033 2175 1069 2244 iu
1103 2174 1299 2245 Caesarien-

231 2283 310 2369 sem'
341 2296 502 2369 deductis
540 2298 689 2369 coloniis
718 2297 864 2369 evidens
899 2304 965 2369 est.
1002 2300 1169 2384 Quamvis
1202 2299 1298 2371 euim

230 2422 373 2513 langius
403 2442 423 2492 a
449 2423 576 2494 Baetica
603 2424 787 2514 propiores
817 2424 941 2495 diricae
968 2432 1113 2510 essent,
1141 2425 1196 2495 cui
1221 2441 1300 2514 pm-

232 2547 358 2619 viuciae
384 2545 502 2619 addici
531 2554 695 2637 poteraut
722 2547 792 2618 uisi
818 2565 934 2638 regem
959 2548 1113 2638 praelecti
1145 2549 1221 2619 lece
1249 2549 1301 2620 eis

234 2691 312 2746 esse
341 2673 522 2764 Augustus
551 2673 692 2753 mallet,
724 2672 901 2744 crederem
930 2680 1049 2744 tamen
1082 2692 1142 2744 cas
1170 2673 1301 2745 liberas

235 2797 345 2869 luisse
371 2798 415 2868 ab
447 2797 546 2868 cmni
575 2796 666 2887 regis
698 2797 867 2879 arbitrie,
898 2804 1005 2887 atque
1029 2797 1134 2869 etiam
1166 2797 1303 2869 Baeticae

235 2921 408 3005 addictas,
429 2927 475 3004 et,
493 2939 604 3011 quum
622 2927 743 2992 esseut
762 2921 800 2991 iu
821 2921 944 2992 ecdem
965 2939 1073 3010 regne
1090 2939 1130 3022 ac
1149 2920 1303 3010 Tingita-

236 3047 338 3132 nicac,
358 3047 403 3117 ab
420 3045 544 3117 eadem
559 3064 703 3135 quoque
724 3044 939 3135 pependisse
961 3045 1154 3134 provincia.
1173 3046 1304 3116 Praeter
1352 3109 1363 3138 ,

230 3169 296 3244 'eas
316 3171 355 3243 iu
375 3188 482 3263 regne
503 3171 614 3243 luisse
634 3177 668 3241 et
692 3167 886 3259 municipia
906 3174 1044 3239 cunstat
1067 3193 1074 3237 :
1102 3186 1213 3238 unum
1236 3168 1304 3239 sal-

239 3305 307 3368 tem
325 3297 432 3386 paulo
447 3302 529 3366 ante
545 3295 581 3364 in
598 3294 775 3366 civitatem
796 3299 974 3382 receptum
991 3291 1105 3363 luerat
1123 3311 1230 3381 quam
1250 3312 1306 3364 ce·

238 3420 345 3492 lcuiae
360 3419 633 3498 deducerentur,
650 3437 736 3488 aun.
754 3436 787 3486 a.
807 3416 846 3486 C.
867 3418 925 3486 58.
945 3415 1044 3505 Tingi
1062 3423 1149 3496 erat,
1168 3415 1307 3487 civitate

240 3565 260 3616 a
279 3546 418 3616 Caesare
438 3547 479 3615 l).
502 3543 542 3624 l.‚
567 3542 702 3614 Bocche
722 3547 905 3632 regnante,
929 3539 1099 3612 denatum
1120 3539 1184 3632 (l).
1204 3541 1303 3612 Cete-

241 3689 319 3742 rum
345 3669 546 3742 verosimile
575 3674 628 3739 est
656 3666 752 3756 ipsas
782 3666 943 3737 nondum
972 3667 1129 3737 calculas
1156 3665 1307 3755 perlecta
1378 3659 1380 3664 '

276 4034 306 4099 (l)
323 4033 402 4096 run,
419 4035 450 4084 ll.
465 4037 507 4094 ll.,
523 4028 557 4093 V,
572 4033 599 4094 23
621 4034 646 4086 G,
663 4033 682 4082 l.
698 4035 732 4092 l.,
747 4025 991 4092 V111,893l,8933.

273 4126 308 4189 (2)
324 4127 350 4175 C.
363 4126 382 4174 l.
400 4127 434 4186 t,
452 4121 525 4180 VllI,
543 4137 569 4185 p.
585 4121 649 4178 8552
666 4121 746 4176 Plin..
765 4123 795 4171 ll.
811 4120 851 4181 ll..
868 4116 901 4180 V,
920 4123 941 4170 l.

276 4210 467 4276 (talliottam,
484 4207 610 4269 xcviii,
627 4209 666 4258 45.

277 4301 423 4352 decentiora
437 4302 547 4350 nemine
562 4314 571 4347 :
586 4295 783 4360 Sidi-lirchim,
798 4295 952 4358 Affreville,
966 4295 1061 4346 Tilrlat.

411 4411 440 4452 Β.
