3490 5318
688 557 868 620 -109-

246 696 434 788 comperit,
457 704 492 769 et
514 695 553 767 in
578 696 737 768 nummis
764 695 989 789 Carthaginis
1015 695 1120 770 Norae
1145 697 1222 787 ejus
1247 714 1311 770 no·

246 822 343 895 mine
361 826 401 894 ut
419 820 518 893 llviri
533 840 570 913 q.
588 839 625 911 q.
643 819 848 913 insignibus
868 820 970 894 lvul
991 847 998 863 ·
1017 820 1107 892 REX
1126 847 1133 863 ·
1151 821 1282 936 lVBllE
1301 848 1307 863 ·

247 947 401 1019 1⁴⁷·er
422 973 429 988 ·
453 947 481 1033 Q
505 973 511 988 ·
536 947 564 1033 Q
587 973 594 988 ·
617 946 746 1038 legitur
766 942 834 1038 (l).

296 1071 384 1158 Quis
404 1070 488 1143 linis
511 1078 546 1144 et
565 1072 664 1163 regni
684 1078 719 1145 et
742 1072 858 1163 gentis
878 1073 983 1178 rogiae
1004 1072 1111 1145 luerit
1134 1090 1238 1145 nemo
1258 1078 1313 1145 ost

248 1188 310 1280 qui
325 1188 476 1278 ignoret.
495 1185 709 1259 Ptolemaeus
724 1187 834 1274 enim,
850 1187 996 1278 iuventa
1010 1194 1045 1260 et
1061 1187 1229 1278 superbia
1246 1187 1312 1258 irn-

248 1319 390 1404 potens,
408 1317 561 1384 ueterum
579 1309 678 1402 regni
697 1311 881 1403 negligens
899 1317 934 1384 et
949 1311 1087 1385 libertis
1103 1312 1313 1404 permittens

249 1437 391 1525 omnia,
422 1436 590 1528 Caligulae
615 1435 653 1507 in
681 1435 802 1508 odium
831 1437 929 1510 venit
952 1455 1015 1529 per
1044 1437 1175 1511 fastum
1206 1445 1314 1529 atque

250 1562 355 1634 etiarn
370 1560 490 1633 forsan
510 1579 574 1652 per
591 1560 751 1652 graviora
771 1559 937 1651 quaedam
958 1562 1125 1649 erimina,
1149 1570 1183 1635 et
1202 1562 1314 1634 avari·

250 1686 334 1759 tiam
373 1686 522 1775 insuper
559 1685 748 1757 tentabant
786 1685 1014 1776 praegrandes
1052 1686 1197 1758 divitiae.
1232 1685 1314 1758 ldeo

251 1811 419 1901 Princeps
444 1819 548 1893 euml,
579 1815 770 1900 postquam
802 1809 1016 1898 aliquandiu
1041 1812 1078 1881 in
1112 1812 1224 1902 gratia
1253 1809 1315 1882 lra-

250 1934 395 2020 buerat,
422 1933 541 2006 subito
568 1915 716 2023 perdere
743 1932 889 2017 statuit,
919 1933 1142 2024 accitumque
1169 1934 1315 2003 Romam

252 2058 290 2128 in
306 2076 479 2130 carcerom
497 2057 597 2128 misit
616 2064 651 2128 et
665 2057 772 2147 paulo
787 2063 869 2147 post
887 2057 1075 2129 interiecit.
1094 2058 1188 2129 nnn.
1209 2058 1251 2127 b.
1269 2057 1316 2125 lli

254 2182 489 2264 Mauretania,
519 2181 675 2253 induas
707 2180 841 2266 divisa,
873 2180 1137 2271 provinciarum
1167 2181 1317 2254 lormam

254 2308 399 2399 aceepit,
423 2326 496 2379 non
516 2313 635 2379 autem
654 2305 790 2377 libente
811 2305 945 2392 animo,
964 2324 1045 2396 quae
1062 2307 1207 2398 longum
1227 2307 1318 2379 illud

254 2438 288 2504 et
308 2452 440 2504 saerum
460 2430 614 2515 bellum,
637 2450 708 2520 quo
730 2432 768 2502 L.
793 2430 986 2502 Suetonius
1006 2431 1191 2502 Paullinus
1211 2431 1317 2503 etiarn

255 2557 409 2647 amplius
426 2556 604 2632 inolaruit
623 2553 833 2645 priusquam
857 2553 995 2625 eederet
1015 2555 1199 2626 sustinuit.
1217 2555 1320 2627 Unde
1363 2651 1365 2656 Α

256 2679 360 2751 nobis
386 2678 585 2772 putandum
614 2685 668 2750 est
693 2677 921 2749 immaturius
949 2679 994 2750 ab
1021 2679 1236 2770 imperatore
1264 2697 1319 2750 ao·

256 2811 348 2885 tum,
377 2811 411 2876 et
437 2823 527 2894 opus
552 2802 662 2874 luisse
689 2801 848 2892 longiore
874 2802 975 2874 lubae
995 2801 1167 2874 similium
1196 2819 1316 2893 regum

256 2929 347 2999 serie
366 2935 405 2998 ut
425 2927 575 3018 imperio
601 2943 748 2998 romano
777 2927 897 2996 omnia
922 2934 1220 3018 praepararentur.
1243 2924 1318 2996 Sal-

257 3057 326 3123 tem
357 3069 504 3124 romana
531 3069 597 3124 neo
626 3051 693 3123 aito
718 3068 784 3122 neo
809 3049 956 3120 omnino
983 3049 1202 3121 Mauretania
1230 3050 1319 3120 laeta

258 3183 331 3257 est,
359 3194 476 3266 nequo
503 3181 586 3247 anie
617 3174 879 3246 Antoninorum
908 3180 1049 3264 tempus
1081 3178 1154 3244 tota
1183 3172 1319 3245 uolonis

258 3299 418 3371 moribus
447 3298 584 3372 artibus
619 3301 743 3391 lingua
773 3299 1012 3369 Romanorum
1044 3293 1213 3389 oooupata
1244 3304 1318 3380 est,

259 3423 482 3514 quaomnia
508 3441 694 3515 nunquam
722 3423 905 3517 absolute,
931 3423 1138 3506 exstinctis,
1165 3430 1205 3496 ut
1231 3423 1320 3494 alias

258 3545 485 3630 factumest,
511 3554 572 3619 aut
602 3548 864 3619 transformatis
892 3547 995 3640 aliis,
1025 3549 1062 3618 in
1090 3567 1132 3620 ea
1158 3565 1321 3639 regnave·

260 3676 355 3742 runt.

291 3921 325 3988 p)
344 3922 543 3987 uuir.‚1rr‚ar‚
560 3925 612 3977 loa.
