3490 5318
892 591 1053 654 -30-

438 732 596 804 romanis
616 731 699 803 data
713 729 752 801 in
772 730 958 802 hodiernis
974 729 1214 820 agnoscimus,
1232 726 1505 819 conspicuarum

438 865 523 931 tunc
543 856 689 929 urbium
709 862 823 928 erant.
850 855 921 928 Sed
944 858 1138 927 multarum
1164 854 1353 945 antiquum
1373 869 1506 924 nomen

437 981 543 1054 nohis
558 1001 580 1052 a
593 981 737 1053 nemine
752 981 918 1063 traditur,
933 986 968 1052 et
983 979 1164 1051 innumeri
1180 978 1371 1051 ruderibus
1385 977 1506 1049 etiam·

435 1125 533 1178 nunc
560 1105 720 1196 insignes
755 1104 822 1177 loci
858 1105 1049 1194 antiquum
1080 1110 1212 1176 statum
1241 1102 1501 1175 demonstrant.

436 1231 540 1305 Nulla
558 1235 677 1301 autem
703 1247 785 1320 pars
809 1229 980 1319 malorem
1005 1245 1127 1299 eorum
1152 1226 1421 1316 multitudinem
1447 1244 1504 1298 os·

439 1353 555 1428 tendit
574 1371 681 1443 quam
703 1371 743 1424 ea
764 1371 846 1444 quae
866 1371 974 1444 super
994 1352 1194 1444 provincias
1210 1351 1452 1444 digerionsem
1472 1355 1506 1422 ot

439 1481 658 1552 Oranensem
688 1485 762 1559 est,
790 1479 845 1549 oui
870 1478 966 1560 Gira,
996 1479 1101 1560 Gora,
1131 1477 1340 1569 Thycimath
1367 1483 1402 1548 et
1425 1474 1506 1548 aliae

440 1605 561 1694 plures
578 1602 786 1693 metropolis
807 1609 920 1684 erant,
938 1608 973 1673 et
987 1603 1088 1692 cujus
1106 1602 1228 1692 populi
1246 1603 1262 1673 J
1267 1601 1374 1673 ubam
1389 1616 1506 1691 regem

440 1729 708 1810 sustinuerunt,
730 1745 787 1809 ac,
808 1727 880 1798 nisi
899 1744 963 1817 per
979 1727 1151 1817 populum
1172 1744 1375 1810 romanum,
1398 1741 1504 1816 supe·

440 1852 582 1925 rabant.

490 1976 680 2066 Reliquum
691 1977 773 2049 vitoe
787 1976 960 2067 regnique
975 1982 1117 2067 tempus
1130 1976 1169 2046 in
1182 1974 1368 2067 paceluba
1380 1973 1508 2046 transi·

440 2101 556 2194 gebat,
578 2101 616 2172 ni
636 2101 763 2200 fuisset
782 2099 950 2172 extremis
970 2100 1077 2172 annis
1097 2100 1232 2172 bellum
1254 2118 1334 2172 cum
1357 2099 1506 2172 Tacfari·

441 2232 537 2297 nate.
567 2224 669 2310 Quod
689 2223 856 2314 quidem,
885 2225 1045 2297 aTaoito
1069 2225 1156 2296 satis
1176 2225 1282 2316 pleno
1309 2223 1415 2296 nobis
1442 2244 1504 2297 er·

441 2349 619 2441 positum,
660 2350 819 2440 gentium
855 2348 901 2420 ad
937 2349 1122 2422 meridiem
1162 2349 1311 2422 sitarum
1349 2347 1512 2424 indolem

440 2472 725 2546 necessitudines
745 2480 779 2545 et
794 2474 1022 2565 aliquatenus
1043 2475 1231 2547 historiam
1251 2474 1398 2547 indicat.
1421 2478 1508 2550 buae

442 2598 538 2671 enim
569 2617 677 2690 super
702 2598 884 2672 Africanas
911 2601 1112 2691 provincias
1140 2600 1376 2691 Africamque
1401 2620 1508 2692 regna

441 2722 673 2796 validissimae
686 2730 809 2815 gentes
824 2731 939 2806 erant,
957 2725 1070 2797 abeis
1086 2725 1297 2815 interposita
1313 2725 1509 2798 solitudine

442 2846 584 2929 divisae,
606 2866 687 2939 quae
706 2849 839 2939 saepius
866 2849 1016 2939 imperio
1043 2850 1201 2932 bellum,
1226 2867 1368 2941 semper
1395 2848 1508 2930 rebel·

442 2972 601 3044 lantibus
628 2979 690 3045 aut
713 2973 945 3063 praedonibus
971 2973 1169 3056 auxilium,
1196 2973 1358 3044 alacriter
1376 2972 1506 3045 iniere·

442 3097 543 3170 bant.
565 3099 616 3169 be
639 3098 791 3170 Gaetulia
818 3097 914 3181 dixi,
940 3097 1171 3172 Mauretaniis
1200 3098 1425 3171 imminente.
1447 3099 1510 3169 Est

443 3228 575 3305 autem,
588 3241 696 3314 super
715 3225 899 3315 Syriarum
917 3223 1093 3314 regiones,
1105 3221 1223 3294 medio
1237 3222 1383 3295 Saharae
1396 3221 1509 3294 inolu-

445 3365 521 3430 sus,
539 3348 678 3419 oasium
699 3367 908 3439 magnarum
922 3366 1093 3420 numerus
1106 3348 1162 3420 eui
1176 3347 1363 3420 Phazaniae
1377 3365 1509 3419 nomen

446 3477 512 3544 est.
526 3471 602 3555 Hic,
625 3490 832 3562 quanquam
853 3472 938 3545 inde
957 3492 978 3544 a
997 3472 1219 3562 temporibus
1235 3472 1308 3543 illis
1325 3472 1455 3544 mirum
1471 3473 1510 3544 in

446 3593 591 3667 modum
605 3595 734 3686 opibus
745 3602 780 3667 et
795 3596 1004 3668 hominibus
1017 3595 1183 3678 decrevit,
1197 3602 1316 3667 tamen
1332 3596 1511 3688 quidquid

446 3719 647 3792 commercii
666 3738 730 3812 per
749 3720 921 3806 Saliarem
941 3739 1022 3793 cum
1042 3720 1211 3792 interiore
1230 3720 1341 3812 Libya
1359 3721 1511 3794 eflicitur

446 3844 492 3917 ad
511 3864 549 3918 sc
568 3845 676 3918 trahit
699 3870 707 3917 :
732 3845 830 3917 unde
850 3847 955 3917 etiam
978 3845 1134 3936 pessimo
1153 3845 1362 3936 Tripolitani
1380 3847 1510 3918 littoris

392 3963 396 3974 '
445 3970 572 4042 tractui
599 3970 738 4061 aliquid
760 3971 864 4062 pretii
893 3977 966 4053 est,
994 3971 1078 4061 qui,
1104 3971 1175 4042 nisi
1201 3971 1378 4043 Phazania
1397 3972 1508 4054 iuret,

445 4095 554 4167 urbes
592 4115 675 4168 suas
708 4114 754 4168 ne
786 4096 897 4168 aleret
932 4095 1091 4186 quidem.
1141 4096 1356 4168 Phazaniam
1392 4105 1509 4171 autem

446 4219 616 4292 tenebant
640 4222 885 4305 Garamantes,
909 4221 1076 4312 frequens
1099 4222 1210 4321 natio,
1233 4223 1380 4296 Getulis
1404 4223 1511 4296 etiam

447 4344 637 4435 potentior,
655 4345 756 4437 culus
777 4345 921 4417 urbium
937 4351 971 4418 et
991 4346 1120 4420 rudera
1135 4353 1169 4419 et
1183 4347 1332 4420 nomina
1346 4366 1511 4441 perman-
