873 1329
381 146 451 161 -9-

160 181 196 199 Nee
205 180 265 204 putavi
276 180 320 198 satis
329 179 432 198 habendum
441 180 492 198 Juhae
501 184 530 198 res
539 182 598 203 gestas
605 186 626 199 ao
634 186 697 200 mouu-

136 207 197 223 menta
206 206 290 225 tractare,
301 204 374 222 omissis
384 209 425 227 quae
434 204 457 222 ad
465 206 530 222 statum
540 205 655 224 Mauretaniae
664 210 696 229 per

135 230 167 248 illa
177 231 256 252 tempora
266 229 426 247 demonstrandum
437 229 522 247 valerent.
534 229 588 247 Multo
598 230 646 248 enim
656 235 695 248 ma-

135 254 162 277 gis
172 254 195 272 ad
204 258 263 271 veram
273 253 343 276 generis
353 253 428 271 humani
440 253 533 271 historiam
544 254 642 273 contulisse
651 255 696 273 milii

135 278 206 299 videor,
220 278 235 296 si
250 279 338 300 quantum
350 282 382 300 pro
393 277 541 296 documentorum
554 278 615 301 inopia
627 279 696 302 licuerit

135 302 206 321 vivendi
216 302 290 320 omnino
300 302 387 320 rationem
400 304 478 320 veterum
492 303 607 321 Mauretaniae
619 303 694 326 populo-

135 332 175 345 rum
185 327 308 350 exposuerim,
322 331 375 349 quam
387 326 402 344 si
413 326 457 344 mihi
469 326 522 345 vitam
533 327 579 350 regis
590 327 640 346 nulla
649 333 696 351 prae-

135 352 218 370 termissa
227 351 256 369 die
266 356 350 370 enarrare
359 351 421 369 datum
431 351 501 369 fuisset.
512 352 557 374 Ergo
567 356 597 370 eas
607 352 694 371 Maureta-

135 376 171 394 niae
180 377 240 399 partes
249 376 327 393 maxime
336 380 347 393 a
356 375 426 398 reliquo
433 377 520 393 terrarum
528 376 572 394 orbe
580 378 645 395 natura
653 377 695 395 caelo

136 401 174 418 solo
191 400 270 418 diversas
287 405 380 423 peragrare
397 400 467 418 institui
474 414 478 421 ,
493 400 566 423 vestigia
582 401 695 423 antiquitatis

135 424 229 447 indagans,
239 424 285 442 ultra
293 429 346 447 quam
355 425 439 447 cuiquam
447 424 533 442 creditum
542 425 599 443 ruerat
607 427 624 443 et
632 430 696 448 magna

134 450 152 467 et
162 449 268 472 frequentia.
279 449 314 467 Nec
322 449 378 469 satis:
391 449 459 467 vicinas
469 449 578 467 Gaetulorum
589 449 696 468 solitudines

134 475 152 491 et
162 478 222 491 eorum
234 475 322 492 extremas
333 473 391 494 sedes,
401 473 429 491 vix
437 473 509 496 regibus
517 473 544 491 vix
553 473 629 492 ducibus
639 478 696 492 roma-

134 502 198 515 norum
204 498 320 518 exercituum,
326 498 381 520 idque
387 502 433 518 raro,
439 498 547 520 exploratas,
553 498 613 516 videre
617 500 634 516 et
639 499 693 519 volui,

134 522 258 545 nonnullaque
270 522 323 540 etiam
338 522 375 540 illic
387 524 485 540 memoratu
498 522 552 544 digna
565 522 636 545 reperii.
652 523 695 544 Quae

133 546 194 564 omnia
199 551 227 564 me
234 546 298 564 reduce
304 547 347 564 satis
355 547 408 569 plene
414 546 507 564 enuntiata
513 547 592 567 fuerunt,
598 547 665 565 tabulis
669 552 694 565 xn

133 571 216 594 adjectis,
227 571 246 589 in
256 571 365 589 bibliotheca
373 571 401 589 cui
411 571 475 589 titulus
485 573 512 589 est
521 570 606 588 Archives
616 571 646 589 des
654 571 695 589 mis-

132 595 179 612 sions
188 595 312 618 εοίεηιῐίὶᾳιιεε,
324 599 358 613 ser.
370 595 400 615 Ill,
412 596 425 613 t.
436 595 452 613 X
465 594 496 618 (¹).
509 596 563 613 Porro
573 595 592 613 in
601 597 627 614 tot
637 596 694 614 ruinis

133 619 224 638 memoriis
236 620 325 642 vestigiis.
338 624 427 642 perpauca
440 620 520 638 invenire
533 621 560 638 est
573 624 614 642 quae
629 622 693 638 vertam

133 644 191 662 aetatis
208 648 245 662 suae
261 646 322 662 notam
340 644 400 667 aliquo
415 644 469 662 modo
487 644 588 667 praebeant,
602 646 620 662 et
636 645 694 668 arguit

134 669 211 686 maxima
223 673 264 692 pars
276 670 357 691 tempora
368 668 438 686 Jubano
451 669 507 686 multo
517 669 629 687 recentiora:
641 669 666 687 ita
675 671 694 688 ut

133 693 148 711 si
158 698 199 715 quae
206 693 229 711 ad
236 694 306 711 aetatem
317 693 369 711 liberi
377 693 526 711 Mauretaniarum
535 693 584 716 regni
595 693 656 712 referri
663 693 693 712 de·

133 717 187 735 beant
194 717 294 740 perspicere
301 717 375 735 omnino
383 722 420 735 non
428 718 493 740 possis,
504 717 539 735 Sed
547 722 610 740 parum
617 722 639 736 ex
646 718 693 736 avito

132 746 188 762 more,
197 746 260 765 parum
269 746 290 760 ex
299 742 378 764 antiquis
386 742 456 760 vivendi
464 742 600 760 condicionibus
608 742 693 760 Romanis

132 766 268 784 dominantibus
278 768 366 784 mutatum
374 768 392 784 et
399 766 504 788 scriptorum
513 766 616 784 testimonia
623 768 640 785 et
647 768 693 785 vele-

132 795 172 809 rum
182 790 256 813 vestigia
266 791 284 808 in
294 791 334 813 ipso
344 791 383 808 solo
392 790 452 808 adhue
460 791 549 808 exstantia
558 790 628 810 docent.
640 793 657 809 et
667 791 693 814 ip-

132 815 170 833 sius
180 815 258 838 regionis
268 815 403 838 incolarumque
413 815 507 837 adspectus
517 815 587 833 asserit.
597 815 624 833 Me
631 815 691 838 igitur,

132 839 175 857 dum
185 844 246 862 quaero
258 839 317 862 qualis
331 839 365 857 sul>
378 839 450 862 regibus
463 839 501 857 suis
514 839 573 862 prisca
583 840 693 858 Mauretania

132 863 191 884 fuerit,
200 863 223 881 iis
232 863 258 881 uti
267 868 308 886 quae
317 864 354 882 vidi
364 864 489 886 perlustrando
499 864 549 880 littus
559 864 598 880 eius
606 868 626 880 an
634 866 692 880 nai-tes

131 888 153 906 ad
165 888 257 906 meridiem
267 888 311 906 sitas
321 890 338 906 et
348 888 408 906 licebit
418 890 435 906 et
446 893 459 906 e:

156 912 211 930 Multa
223 914 283 930 tamen
295 913 314 930 in
328 913 361 930 hoo
374 913 420 930 libro
433 914 450 931 et

131 937 210 958 Quorum
218 937 301 959 quaedam
309 937 383 955 forsitan
392 942 436 958 non,
445 937 459 955 al

130 961 158 979 vel
166 961 194 979 eui
204 962 272 984 copiam
280 962 361 979 omnium
370 966 428 979 rerum
438 961 459 979 ad

130 985 218 1004 seriarum
228 986 263 1004 alia
273 986 334 1004 civitas
344 986 459 1009 suppeditatas

130 1010 223 1032 penuriam
236 1012 314 1028 veterum
324 1011 451 1029 memoriarum

145 1073 162 1088 (i)
170 1073 249 1085 Prndierunt
256 1073 296 1086 elium
305 1073 367 1088 Paridis.
375 1074 409 1090 opud
417 1074 457 1086 Thuri

129 1089 178 1101 d'eiurn
185 1089 219 1101 dam·
226 1089 239 1101 la
246 1089 326 1102 lauretum}
333 1090 415 1105 Cli-arserunt,
425 1089 458 1102 1882.
