3498 5324
734 579 894 644 -59-

282 722 377 801 aedes
404 725 622 816 complures,
646 740 797 812 quarum
826 740 915 802 una,
942 737 1125 811 perperam
1155 715 1302 791 thermae
1326 739 1347 792 a

282 847 540 922 recentioribus
568 846 770 928 nominata,
800 845 890 917 duas
919 842 1063 916 absides
1092 844 1182 915 altas
1207 851 1241 915 θῖ
1268 845 1346 934 pul·

282 976 385 1047 chra's
406 971 579 1054 ostendit,
602 971 665 1042 sed
685 969 829 1041 assidue
854 969 1075 1050 devastatur,
1098 968 1208 1039 altera
1231 967 1348 1040 media

283 1099 372 1171 urhe
403 1099 499 1190 regia
523 1095 651 1167 domus
679 1094 768 1166 lalso
799 1092 941 1165 dicitur.
965 1093 1048 1164 Erat
1076 1092 1196 1164 lorsan
1226 1111 1347 1184 regum

285 1222 388 1295 sedes
408 1221 471 1293 uhi
491 1219 618 1308 hodie,
640 1218 738 1290 haud
757 1220 899 1309 longea
923 1222 1025 1309 porta
1044 1236 1116 1309 qua
1135 1217 1349 1290 Cartennam

284 1347 373 1430 itur,
396 1364 539 1418 cernere
560 1353 614 1417 est
642 1361 810 1435 magnum
831 1343 1012 1415 cumulum
1037 1343 1166 1432 partim
1190 1343 1351 1414 latomia-

285 1490 363 1543 rum
384 1469 454 1542 ritu
472 1466 659 1548 effossum,
684 1468 778 1540 unde
798 1448 910 1539 multa
938 1474 972 1539 et
991 1467 1147 1558 pretiosa
1171 1469 1257 1539 artis
1277 1485 1351 1539 mo-

285 1601 458 1667 numenta
475 1594 699 1685 prodierant,
723 1592 787 1664 sed
806 1592 922 1665 deleta
945 1611 1074 1683 magna
1093 1610 1135 1664 en
1154 1599 1255 1685 parte
1273 1593 1349 1664 lue·

287 1728 388 1803 runt,
414 1719 463 1790 ita
492 1726 531 1791 ut
562 1718 757 1808 coquendae
786 1717 824 1788 in
854 1715 983 1790 calcem
1012 1716 1118 1789 etiam
1145 1735 1353 1788 marmoreae

288 1849 414 1916 statuae
440 1842 623 1915 darentur.
651 1844 763 1915 Locus
795 1860 882 1914 sane
910 1849 964 1913 θεῖ
991 1848 1232 1933 opportunus,
1259 1839 1355 1912 unde

287 1968 395 2039 maris
434 1968 638 2059 litterisque
677 1967 956 2060 pulcherrimum
998 1967 1236 2057 spectaculum
1275 1973 1351 2051 est,

286 2112 440 2185 eumque
459 2095 636 2166 aBeulaeo
657 2094 783 2166 meritc
802 2092 999 2164 indicatum
1019 2099 1181 2183 putarem
1201 2092 1272 2164 nisi
1292 2089 1354 2163 elii

287 2219 444 2291 thermas
479 2218 735 2321 contenderent
766 2243 773 2288 :
801 2216 1056 2289 effossionibus
1089 2223 1183 2290 certa
1218 2216 1355 2290 ratione
1462 2237 1464 2244 ·

287 2343 402 2415 ductis
431 2344 504 2415 illic
531 2344 687 2434 prolecto
719 2362 809 2434 opus
839 2350 905 2415 est.
941 2344 1100 2427 Quatuor
1126 2347 1244 2415 autem
1276 2343 1355 2416 aliae

286 2469 435 2542 thermae
459 2469 609 2542 diversis
634 2469 734 2540 urhis
762 2468 924 2559 partibus
950 2459 1179 2541 noscuntur:
1203 2487 1354 2561 quarum

289 2611 370 2682 quae
387 2594 506 2682 portui
520 2593 646 2666 vicinae
662 2600 764 2675 sunt,
784 2593 891 2664 hodie
912 2598 1040 2684 pneter
1056 2592 1231 2682 piscinam
1248 2610 1357 2665 unam

289 2715 435 2798 deletae,
456 2736 477 2787 a
499 2715 640 2789 Shawio
661 2718 802 2788 intactae
824 2717 909 2789 visae
930 2723 1014 2788 sunt
1034 2735 1120 2788 ann.
1142 2717 1183 2788 l).
1211 2717 1302 2787 l752
1324 2725 1358 2789 et

289 2841 455 2915 maximae
475 2841 747 2932 splendideque
767 2841 920 2913 lucrant.
943 2841 1106 2914 Ceterum
1126 2839 1227 2913 littus
1252 2859 1357 2913 omne

290 2968 403 3038 muris
436 2974 470 3040 et
505 2967 674 3059 operibus
707 2965 885 3048 abundat,
917 2984 1068 3056 quorum
1103 2969 1240 3055 partes,
1269 2965 1359 3036 mari

291 3092 520 3176 corrodente,
549 3091 710 3182 quotidie
740 3066 977 3181 praecipitant.
1019 3089 1111 3172 Sed,
1152 3096 1191 3160 ut
1225 3093 1357 3161 taceam

291 3219 472 3307 porticus,
494 3217 646 3308 templa,
676 3216 855 3308 ingentem
885 3211 1184 3304 hippodromum,
1207 3213 1359 3298 rivaria,

291 3344 495 3432 pavimenta
514 3341 632 3434 operis
652 3340 782 3413 musivi
798 3339 958 3412 omnium
980 3345 1181 3431 temporum
1198 3337 1359 3429 undique

291 3467 449 3557 reperta,
485 3467 553 3539 tria
585 3467 622 3538 in
660 3465 787 3557 primis
820 3463 970 3557 pulchra
1007 3471 1108 3536 erant
1145 3463 1360 3554 antiquioris

292 3591 356 3665 aevi
377 3598 623 3664 monumenta.
644 3592 833 3663 Theatrum
855 3590 949 3662 enim
972 3590 1105 3682 grande
1124 3590 1221 3680 quod
1245 3590 1362 3663 media

294 3715 381 3786 urhe
399 3715 515 3787 stabat
534 3716 657 3806 paucis
673 3714 791 3786 adhuc
806 3714 1049 3788 eminentibus
1066 3714 1224 3806 vestigiis
1241 3715 1360 3806 splen·

293 3838 415 3912 dorem
436 3858 542 3911 suurn
562 3839 802 3925 demonstrat,
824 3840 963 3931 reliqua
982 3839 1148 3932 operiunt
1165 3841 1362 3912 recentiora

294 3961 465 4045 aedificia,
495 3969 589 4035 terra
614 3963 720 4055 tegit,
749 3962 929 4055 fregerunt
954 3970 1016 4035 aut
1041 3963 1210 4056 frangunt
1234 3983 1365 4057 aspor-

294 4093 443 4178 tentque
469 4086 608 4170 incolae,
632 4093 666 4160 et
691 4106 802 4179 prope
829 4087 921 4159 nihil
949 4095 1112 4179 superest
1137 4107 1157 4160 e
1183 4088 1361 4162 ditissimo

294 4210 446 4283 aedificio
482 4213 654 4284 memoria
689 4214 725 4283 S.
758 4212 899 4287 Arcadii
937 4212 986 4285 ihi
1010 4214 1228 4332 ¹martyrium
1267 4234 1370 4315 passi

296 4335 404 4407 claro.
438 4336 509 4409 Sed
534 4356 649 4426 usque
676 4337 721 4408 ad
750 4357 835 4408 ann.
867 4340 909 4408 D.
942 4339 1033 4409 l8ln
1059 4357 1131 4428 quo
1160 4339 1250 4413 Galli
1279 4333 1372 4416 urhe
