3490 5318
745 601 923 663 -llt-

280 726 404 830 tropis,
434 741 464 810 si
492 740 606 819 fuere,
636 741 775 831 excerpi
803 747 1007 830 potuerunt.
1038 741 1140 827 Quod
1168 748 1285 814 tamen
1317 743 1362 815 de

297 865 452 937 Sertorio
468 863 679 935 Plutarchus
698 865 824 936 aluba
843 865 989 955 accepit,
1009 872 1126 936 utrum
1142 885 1184 937 er
1205 868 1361 940 Historia

296 1005 341 1059 an
362 1005 402 1059 ex
425 986 564 1078 Libycis
583 987 738 1071 fluxerit,
756 987 963 1079 ambiguum
988 984 1051 1080 (l).
1077 989 1230 1080 Apparet
1248 1008 1291 1062 eu
1311 992 1361 1061 iu·

296 1112 376 1185 dole
396 1128 513 1182 rerum
533 1110 570 1182 in
592 1111 798 1202 fragmentis
819 1112 1073 1201 superstitibus
1092 1112 1266 1184 dictarum
1286 1132 1360 1185 om·

297 1237 356 1307 uia
377 1235 422 1307 de
446 1235 585 1326 Libyeis
606 1235 709 1305 terris
737 1236 775 1305 in
797 1235 898 1306 lubae
926 1253 1032 1324 opere
1058 1237 1202 1308 collecta
1227 1237 1357 1319 luisse,

297 1376 406 1448 quum
427 1357 486 1429 hic
505 1365 539 1430 et
558 1358 602 1430 de
621 1358 842 1447 elephantis,
865 1364 899 1429 et
918 1359 962 1430 de
982 1359 1099 1430 lluriis
1120 1367 1154 1432 et
1178 1361 1360 1433 montibus

296 1489 330 1554 et
347 1482 418 1553 Nili
438 1481 588 1573 origiue,
611 1481 655 1553 de
683 1481 849 1572 gentibus
869 1490 903 1554 et
924 1482 1087 1566 historia,
1108 1483 1153 1556 tie
1171 1485 1360 1557 arboribus

295 1625 335 1677 ac
356 1605 495 1686 herbis,
518 1604 674 1694 uanique
696 1605 740 1676 de
759 1605 932 1676 fructibus
952 1606 1019 1676 soli
1040 1615 1074 1677 et
1094 1606 1271 1680 indrrstria
1292 1609 1358 1680 ho-

295 1731 447 1811 minum,
465 1729 532 1801 etsi
552 1747 664 1818 pauca
684 1736 824 1801 tantum
843 1736 877 1801 et
897 1730 1035 1803 minuta
1050 1729 1246 1822 fragmenta
1261 1739 1357 1812 sunt,

294 1855 435 1945 legitur.

343 1978 598 2050 Historioarum
618 1976 889 2068 disciplinarum
905 1996 1043 2049 ramum
1063 1978 1164 2050 illum
1184 1998 1290 2069 quem
1311 1999 1362 2051 re·

294 2103 467 2175 cantiones
493 2099 771 2192 arratoeoloplam
797 2109 922 2173 vocant
940 2108 1142 2174 'tentaverat
1169 2103 1276 2175 etiam
1301 2123 1361 2176 reu

295 2230 542 2322 ἱστορικώτατος,
560 2244 624 2298 uec
638 2226 754 2297 solum
776 2227 812 2297 in
835 2221 1046 2318 Ὁμοιότησιν,
1066 2245 1146 2298 nam
1164 2233 1199 2299 et
1214 2227 1361 2316 longum

294 2351 551 2441 conscripserat
570 2356 604 2421 et
622 2349 700 2421 sine
721 2349 831 2421 dubio
863 2350 982 2438 magni
1009 2350 1143 2422 laboris
1164 2369 1256 2441 opus
1276 2366 1359 2420 eea-

293 2479 420 2571 τρικὴν
448 2476 610 2570 ἱστορίαν
637 2474 849 2566 inscriptum
877 2471 941 2567 (l).
969 2477 1045 2562 Qua
1071 2477 1195 2566 ulique
1221 2477 1359 2549 ratione

294 2607 388 2672 esset
408 2601 610 2692 ignoratur,
638 2599 706 2671 hoc
722 2605 840 2670 tamen
867 2599 954 2670 satis
978 2601 1179 2690 comperit:
1202 2601 1357 2673 collectis

214 2743 221 2762 ’
294 2724 426 2796 scilicet
447 2723 715 2812 omnibusque
741 2722 788 2794 ad
807 2740 881 2794 rem
907 2723 1114 2795 theatralem
1135 2731 1196 2796 aut
1216 2731 1354 2815 specta·

292 2849 379 2920 bant
414 2853 475 2918 aut
507 2853 750 2937 spectaverant
782 2847 878 2936 apurl
912 2849 1089 2918 Romanos
1120 2849 1352 2938 Graecosque,

292 2975 465 3063 cujusque
491 2971 540 3043 rei
577 2969 823 3042 definitionem
851 2978 885 3043 et
917 2972 1103 3042 historiam
1132 2973 1313 3062 praebebat
1344 2998 1352 3044 ε

293 3098 388 3169 uncle
407 3095 447 3167 srl
466 3102 505 3166 ut
528 3095 785 3185 lexicographi,
809 3095 1010 3167 scholiastae
1029 3103 1063 3166 et
1082 3096 1285 3169 collectores
1301 3116 1354 3168 re·

292 3242 370 3293 rum
390 3221 566 3290 variarum
585 3237 626 3290 eo
648 3219 780 3309 saepius
800 3218 854 3290 usi
877 3216 961 3289 sint.
984 3221 1193 3310 Fragmenta
1211 3240 1355 3312 quoque

290 3353 475 3418 auctorum
494 3345 538 3415 ad
559 3362 632 3416 rem
656 3363 755 3415 suam
780 3344 945 3415 laniantia
959 3343 1079 3422 dabat,
1102 3363 1182 3434 quae
1201 3365 1297 3418 nunc
1314 3347 1351 3417 in
1457 3429 1459 3434 ¹

291 3471 405 3562 ipsius
425 3470 632 3560 fragmentis
652 3488 767 3559 usque
787 3468 832 3539 ari
853 3487 918 3538 nos
938 3476 1188 3558 pervenerunt,
1206 3478 1242 3542 ut
1262 3470 1352 3543 illud

290 3596 376 3667 satis
411 3596 554 3684 longum
589 3593 801 3664 Athenionis
835 3593 958 3664 comici
990 3590 1053 3684 (5).
1083 3594 1152 3665 Sed
1179 3613 1220 3665 ea
1248 3596 1350 3685 quasi

289 3720 410 3791 omnia
429 3717 490 3812 (ita
504 3718 599 3789 enim
617 3735 719 3788 casus
736 3715 862 3808 voluit)
877 3736 958 3806 quaa
973 3725 1110 3788 servata
1124 3737 1166 3789 ex
1182 3736 1223 3788 eo
1239 3718 1349 3791 habe·

288 3863 388 3925 mus,
422 3842 466 3914 de
492 3842 741 3912 instrumentis
771 3842 917 3912 musicis
942 3849 1004 3912 aut
1030 3841 1074 3912 rie
1100 3844 1350 3916 saltationibus

289 3974 385 4038 sunl.

320 4157 351 4256 (l)
370 4193 470 4256 Fragrn.
491 4193 525 4241 19.

319 4285 350 4344 tl)
371 4283 475 4344 Fragm.
491 4282 574 4334 73-82,

319 4375 353 4434 (3)
370 4372 473 4436 Fragm.
487 4371 525 4421 8‘2.
