3490 5318
918 507 1077 570 ..82-

462 660 623 744 tempore
652 650 906 731 abundarunt,
941 647 1131 738 imperium
1160 644 1229 716 sihi
1255 643 1396 735 adjecit.
1424 643 1523 716 Mon·

462 783 557 850 tanae
575 782 694 848 autem
715 773 889 854 Gaetuliae,
907 790 988 861 quae
1008 770 1143 842 colonis
1164 774 1333 860 oeoupata
1350 785 1425 838 non
1444 765 1523 849 luit,

462 919 546 992 pars
565 899 751 972 orientalis
771 897 904 970 milites
923 895 1057 986 aceepit
1075 890 1145 988 (l),
1167 894 1343 983 reliquam
1368 889 1527 964 exereiti·

461 1023 531 1096 hus
551 1024 685 1115 saepius
702 1021 880 1094 visitatam
898 1025 1075 1092 testantur
1092 1036 1207 1109 nuper
1224 1015 1353 1107 reperti
1372 1014 1467 1088 tituli
1482 1012 1527 1085 ad

354 1213 356 1218 .
465 1145 673 1224 Oued-Qsob
706 1148 744 1218 in
781 1142 1068 1235 Djebel-Amour
1103 1147 1138 1213 et
1168 1140 1265 1233 apud
1298 1136 1524 1209 oeteo-sidt-

465 1267 601 1340 Oheihh
626 1269 664 1340 in
689 1269 768 1360 ipso
796 1265 980 1359 Geryoille
1010 1265 1142 1357 oppido
1173 1260 1247 1357 (hl.
1277 1262 1346 1335 Sed
1378 1261 1527 1334 Gaetulia

463 1392 714 1483 Phazaniaque
739 1391 858 1463 adhue
889 1390 1032 1470 liherae,
1065 1394 1230 1479 potentes
1264 1394 1300 1459 et
1329 1385 1374 1457 ad
1405 1384 1560 1486 01111111Ι

463 1524 586 1589 eontra
596 1516 786 1606 imperium
798 1520 931 1604 paratae
942 1512 1210 1604 temporeluhae
1221 1511 1401 1602 regnantis
1411 1515 1524 1582 erant.

512 1639 715 1711 Taularinas
747 1636 902 1708 Numida
932 1632 1014 1731 (5),
1044 1636 1107 1727 qui
1135 1637 1292 1727 primum
1317 1633 1356 1706 in
1384 1633 1527 1706 auxiliis

467 1767 666 1844 meruerat,
701 1759 861 1832 desertor
888 1776 972 1831 mou
999 1758 1210 1850 praedonum
1243 1759 1335 1842 dux,
1363 1771 1527 1848 magnam

463 1905 609 1959 manum
633 1884 702 1956 sihi
728 1901 792 1975 per
816 1883 957 1955 deserta
975 1883 1052 1955 looa
1070 1883 1246 1955 Tritonidi
1269 1882 1393 1974 paludi
1412 1879 1527 1952 vioina

445 2016 739 2101 ,comparaverat
758 2010 841 2080 Erat
855 2015 974 2079 autem
989 2008 1062 2080 illis
1077 2008 1299 2099 temporihus
1313 2005 1526 2097 prepollens

461 2126 758 2206 Musulamiorum
778 2132 955 2222 populuS,
977 2132 1039 2222 qui
1063 2131 1149 2202 hino
1168 2132 1356 2205 Gaetuliam
1379 2135 1415 2202 et
1439 2127 1524 2200 soli·

459 2255 604 2341 tudines
625 2255 725 2326 illino
743 2254 1000 2327 Mauretaniam
1018 2255 1199 2345 tangebat,
1217 2253 1280 2326 sed
1294 2253 1390 2326 ierus
1409 2252 1526 2324 adhue

460 2398 508 2452 ne
540 2379 648 2452 urhes
686 2379 833 2469 quidem
869 2385 1080 2472 exstruens,
1116 2386 1255 2451 vetusto
1292 2378 1525 2451 harbarorum

460 2522 572 2588 more,
594 2502 745 2596 perinde
764 2522 804 2575 ao
823 2503 853 2574 si
875 2521 947 2574 non
967 2502 1120 2575 luissent
1139 2505 1343 2588 Masinissa,
1366 2502 1524 2594 Miuipsa,
1550 2505 1552 2509 ‘

461 2629 634 2709 Romani,
655 2627 804 2699 vivevat.
827 2627 891 2698 llis
914 2645 953 2699 se
972 2628 1174 2700 Tacfarinas
1198 2628 1324 2701 ducem
1351 2627 1382 2700 si
1408 2625 1524 2698 rohel-

460 2752 535 2823 lare
558 2752 669 2825 velint
693 2751 843 2832 ohtulil,
865 2751 1054 2841 praedones
1077 2752 1231 2824 militum
1251 2753 1323 2826 ritu
1341 2752 1388 2824 ad
1406 2750 1527 2822 omnia

460 2874 646 2946 institutos
672 2872 905 2945 adducturus.
934 2874 1204 2947 Rehellantihus
1228 2876 1402 2948 auxilium
1425 2875 1524 2946 Mau·

459 3015 581 3071 rorum
615 2998 813 3071 vioinorum
842 2999 985 3088 regulus
1023 3000 1184 3091 Mazippa
1213 2999 1360 3091 quidam
1392 2997 1523 3070 attulit.
1558 3057 1562 3062 .

461 3121 638 3218 Cinithios
663 3123 725 3214 qui
745 3121 975 3213 Tripolitanae
994 3130 1131 3215 partem
1154 3125 1341 3198 Phazania
1362 3123 1525 3213 adiacen·
1615 3133 1618 3138 '

461 3256 532 3320 tem
551 3249 714 3320 ineolunt
734 3248 849 3320 sooios
869 3248 939 3321 sihi
958 3248 1127 3339 adigunt,
1151 3256 1186 3320 ot
1203 3251 1386 3340 provineia
1403 3249 1523 3321 luhae·

461 3387 532 3459 que
555 3387 703 3459 regnum
724 3369 878 3439 maximo
906 3369 945 3440 in
968 3369 1126 3460 perioulo
1148 3376 1349 3454 versantur,
1371 3387 1457 3441 ann.
1480 3370 1522 3440 D.

463 3495 521 3566 lt.
551 3493 649 3564 Violo
678 3499 797 3564 tamen
826 3494 923 3565 Turii
949 3494 1088 3565 Camilli
1113 3493 1262 3566 audaoia
1285 3491 1523 3574 Taularinato,

460 3635 524 3710 per
549 3615 696 3707 aliquod
715 3623 855 3708 tempus
880 3615 982 3707 quies
1009 3617 1094 3704 luit,
1117 3620 1230 3691 Mauri
1249 3616 1526 3707 Musulamiique

459 3742 588 3833 paoati.
619 3740 861 3816 Nihilominus
893 3740 1112 3824 Taolarinas,
1141 3742 1180 3813 in
1207 3742 1377 3816 interiora
1406 3739 1526 3833 Libyae

489 3993 525 4058 (l)
539 3993 567 4048 G.
583 3995 603 4045 l.
620 3996 655 4057 L..
672 3991 746 4057 VIII,
765 3991 913 4047 arra-8804.

489 4084 524 4149 (T)
540 4083 607 4135 outa.
623 4091 678 4136 out.
694 4081 761 4147 Asu,
777 4086 796 4133 t.
810 4083 832 4146 1,
848 4100 875 4148 p.
892 4084 939 4147 263
956 4087 983 4136 G.
999 4085 1021 4138 l.
1037 4085 1073 4150 1.,
1090 4082 1172 4153 v111,
1186 4082 1259 4142 otae,

489 4171 524 4235 (3)
537 4171 610 4232 Tae,
625 4172 707 4234 Aua„
721 4170 755 4232 ΙΙ,
772 4171 821 4228 aa,
837 4170 887 4233 ΙΙΙ,
902 4171 943 4233 lo,
955 4173 994 4230 tl,
1011 4175 1050 4234 lt,
1064 4176 1112 4235 tt;
1129 4175 1175 4238 lV,
1189 4178 1229 4239 tt,
1244 4179 1328 4232 *tl-to,

493 4264 640 4312 llecanttoro
654 4263 764 4312 nomino
779 4260 1017 4327 :Chott-Melghir.
