3528 5318
857 609 1017 671 ..12-

403 749 561 840 Pompeii
583 755 702 839 partes
722 749 808 820 dum
831 749 1006 838 sequitur,
1028 769 1049 820 a
1068 750 1206 822 Caesare
1229 752 1324 842 apud
1349 753 1466 842 Thap-

402 893 481 947 sum
499 873 611 946 viotus
630 874 708 964 ipse
724 873 794 946 sibi
815 881 964 945 mortem
986 873 1085 946 dedit
1098 894 1184 945 ann.
1204 895 1238 946 a.
1257 877 1300 947 C.
1324 879 1383 960 dd,
1408 895 1468 948 ue·

401 1018 466 1091 pos
486 1006 605 1072 autem
630 1000 816 1090 lempsaiis
842 1006 875 1071 et
903 1000 1035 1072 Gaudae
1058 1019 1237 1091 pronepos
1263 1001 1468 1073 manifesta·

401 1131 472 1197 tur.
484 1125 564 1196 Fuit
575 1125 698 1196 Gauda
713 1124 912 1197 Masinissae
929 1143 1055 1218 nepos,
1068 1133 1102 1196 et
1116 1144 1262 1215 corpore
1277 1133 1311 1199 et
1323 1127 1467 1218 ingenio

403 1249 547 1332 debilis,
566 1268 671 1340 quem
692 1258 840 1340 patruus
856 1249 1003 1340 Micipsa
1023 1251 1156 1322 nuliam
1175 1251 1319 1342 quidem
1336 1251 1373 1323 in
1389 1270 1468 1343 par·

403 1381 472 1445 tem
490 1375 588 1465 regni
605 1393 643 1446 se
664 1382 804 1446 mortuo
820 1381 1009 1446 venturum
1030 1375 1283 1459 destinaverat,
1301 1375 1467 1448 heredem

403 1518 483 1573 vero
510 1499 620 1571 totius
648 1507 851 1584 vocaverat,
884 1501 913 1570 si
949 1500 1105 1572 filiorum
1140 1501 1325 1594 lempsalis
1361 1508 1468 1592 atque

403 1623 589 1696 hderhaiis
622 1631 656 1695 et
682 1623 801 1696 fratris
831 1624 896 1696 tilii
924 1626 1107 1716 iugurthae
1135 1627 1278 1698 soboles
1307 1645 1467 1716 unquam

403 1747 582 1820 defectura
597 1747 699 1820 toret.
714 1749 816 1834 Quod
829 1749 974 1839 quidem
988 1757 1074 1821 tunc
1086 1751 1320 1842 insperatum,
1332 1757 1465 1834 tamen,

401 1877 483 1962 post
502 1870 649 1974 fraudes
671 1872 873 1964 iugurthae,
900 1875 1138 1944 Romanorum
1163 1875 1309 1946 victoria
1336 1875 1465 1947 evenit.

401 1996 575 2088 iugurtha
595 1997 691 2068 enim
709 1997 868 2079 subiato,
890 1998 983 2068 nihil
1003 1998 1102 2070 aliud
1122 2000 1276 2089 populus
1297 2017 1468 2072 romanus

402 2140 509 2211 quarn
540 2128 792 2193 testamentum
821 2123 978 2214 Micipsa
1004 2122 1231 2213 exsequitur,
1261 2124 1469 2214 Gaudaeque

403 2264 551 2337 regnum
578 2247 756 2319 Numidiae
783 2248 1048 2338 quodammodo
1077 2249 1144 2320 suh
1169 2250 1280 2320 tutela
1306 2269 1370 2320 sua
1390 2268 1468 2341 per·
1555 2347 1559 2354 ἡ

403 2370 524 2442 mittit.
552 2370 622 2441 Cur
643 2378 761 2443 autern
789 2372 827 2444 in
852 2379 1029 2462 praesente
1057 2374 1160 2445 titulo
1187 2373 1281 2445 inter
1308 2356 1466 2447 Gaudam

402 2499 436 2565 et
470 2493 718 2577 Masinissam,
752 2497 885 2568 scilicet
919 2503 1083 2586 nepotem
1114 2504 1148 2569 et
1181 2516 1307 2580 arum,
1337 2497 1468 2589 gradus

404 2637 499 2689 unus
519 2619 707 2692 manifeste
728 2619 833 2703 desit,
854 2621 1030 2710 explicare
1050 2622 1138 2693 mihi
1156 2639 1261 2711 posse
1281 2621 1378 2693 haud
1397 2622 1465 2693 im·

403 2742 637 2833 probabiliter
657 2743 792 2816 videor.
823 2835 824 2840 Ν

451 2867 580 2940 Multos
609 2867 804 2951 habuerat,
832 2876 903 2940 tres
932 2877 1013 2961 post
1044 2887 1083 2941 se
1112 2869 1257 2960 reliquit
1290 2870 1468 2961 legitimos

403 2992 592 3065 Masinissa
612 2992 719 3077 tilios,
742 2994 939 3086 Micipsam,
959 2995 1164 3077 Gulussam,
1187 2996 1466 3068 Mastanabalem

404 3117 466 3205 qui
485 3116 644 3190 Gaudam
664 3117 798 3209 genuit.
821 3119 1022 3210 Scipionem
1044 3119 1121 3210 ejus
1142 3137 1290 3210 regnum
1310 3120 1403 3192 inter
1421 3121 1466 3192 il·

403 3241 457 3312 los
478 3240 643 3314 divisisse
662 3243 793 3334 saepius
811 3243 944 3315 dictum
965 3242 1126 3315 invenies
1153 3240 1216 3337 (t).
1244 3244 1309 3315 Cui
1330 3251 1469 3318 senten·

404 3365 463 3438 tie
488 3366 766 3457 haudquaquam
793 3367 933 3439 accedo.
961 3366 1074 3438 Credo
1102 3367 1198 3439 enim
1227 3367 1271 3440 de
1298 3367 1404 3440 honis
1435 3375 1469 3442 et

404 3490 511 3563 rebus
532 3491 577 3562 ad
596 3491 779 3563 hominem
799 3499 838 3563 ut
858 3493 1034 3582 privatum
1053 3493 1317 3582 pertinentibus
1336 3493 1469 3564 intelli-

404 3615 573 3708 gendum
597 3616 836 3709 principatum
856 3623 975 3689 autem
995 3623 1029 3688 et
1049 3617 1184 3708 regium
1203 3635 1334 3689 nomen
1358 3636 1469 3709 penes

404 3751 492 3815 natu
518 3743 688 3833 majorem
715 3742 839 3814 tuisse.
868 3743 990 3834 Neque
1019 3742 1148 3815 inutile
1177 3741 1263 3824 erit,
1292 3742 1401 3813 unius
1426 3761 1469 3814 er

404 3865 477 3938 iliis
491 3868 634 3958 regibus
654 3867 778 3959 populi
794 3868 932 3939 romani
953 3867 1060 3939 sociis
1080 3873 1114 3937 et
1133 3866 1258 3938 amicis
1278 3867 1466 3939 historiam

405 3992 489 4064 dum
510 3992 720 4085 incipimus,
739 3993 827 4082 quid
846 3993 919 4064 illis
938 3991 1088 4064 valuerit
1109 3991 1243 4082 regium
1261 3991 1380 4082 ipsum
1401 3992 1491 4065 huc>

405 4135 537 4190 nomen
558 4119 762 4191 summatim
779 4118 977 4209 repetiisse.
996 4116 1136 4208 Optime
1154 4115 1207 4187 vir
1222 4116 1347 4189 doetus
1367 4118 1468 4189 Bohn

439 4373 470 4435 (i)
490 4371 569 4437 App,
591 4374 667 4432 Pom,
686 4370 745 4429 ism
761 4371 863 4431 Zonar„
881 4370 994 4433 1x‚ut;
1010 4369 1096 4427 Oros,
1115 4369 1162 4432 IV,
1179 4369 1224 4428 iffi
1238 4370 1312 4433 sut,
1327 4371 1396 4434 duo,
1413 4369 1435 4418 5.
