3490 5318
724 553 903 616 -ttr-

279 697 426 782 tumque
446 698 481 764 et
502 691 712 765 drehelaiim
738 710 898 766 socerum
924 710 1029 764 suum
1054 691 1207 784 optimus
1231 683 1339 766 duees

278 815 424 906 aceepit.
446 815 487 886 ln
512 809 708 910 Ὁμοιότησιν
728 823 846 890 autem
865 817 1015 889 Varroni
1035 817 1204 907 primarie
1228 817 1338 902 ienti,

279 938 489 1012 secundarie
499 939 671 1032 Dionysio
682 941 989 1015 Halicarnassensi
999 940 1124 1032 attigit.
1136 927 1340 1014 Ceterarum

279 1064 355 1154 ejus
371 1063 544 1135 librorum
557 1071 717 1138 auctores
732 1084 806 1137 non
820 1065 997 1137 nevimus.
1016 1065 1086 1138 Sed
1100 1065 1341 1157 ipsepreieete

279 1187 317 1258 in
335 1187 411 1260 suis
429 1189 570 1280 seriptis
582 1189 693 1261 multo
710 1190 790 1280 plus
806 1208 913 1280 quarn
929 1191 1074 1262 Peterus
1089 1189 1201 1262 eredit
1215 1189 1259 1264 de
1273 1209 1341 1264 sue

280 1310 425 1384 dederat
451 1337 459 1384 ε
489 1312 550 1403 qui
579 1314 762 1406 regionum
787 1314 975 1386 hominurn
1002 1333 1119 1387 rerum
1141 1314 1185 1387 de
1209 1313 1341 1406 quibus

280 1437 458 1508 scribebat
480 1445 616 1529 partem
643 1439 833 1512 sevidisse
859 1445 893 1511 et
919 1439 1064 1511 attentis
1088 1441 1212 1530 preeul
1232 1439 1342 1511 dubio

279 1561 481 1653 inspexisse
501 1564 613 1636 oeulis
633 1563 794 1636 oblivisci
815 1563 995 1654 quemodo
1014 1561 1155 1654 potuit?

329 1686 436 1758 Perre
453 1705 473 1760 e
492 1694 544 1759 tot
559 1688 741 1780 operibus,
759 1727 807 1740 --
821 1687 859 1759 in
877 1687 1009 1779 quibus
1025 1687 1121 1777 quod
1140 1687 1202 1759 3111
1218 1687 1341 1760 eadem

281 1814 383 1881 aetate
400 1809 534 1902 plures,
556 1811 634 1903 ipse
651 1818 771 1886 tamen
790 1810 933 1894 3331133,
951 1811 1113 1900 quamvis
1132 1829 1205 1883 non
1224 1811 1340 1896 aliter,

281 1933 363 2023 egit,
380 1973 415 1986 -
434 1941 517 2008 ante
530 1936 601 2006 alia
615 1954 728 2008 unum
743 1938 760 2007 J
764 1936 844 2008 ubae
858 1934 1096 2008 adscriberem
1111 1942 1152 2007 ut
1162 1937 1342 2028 propriam

281 2057 545 2150 genuinamque
555 2060 691 2152 prolem
708 2085 717 2131 ε
732 2080 773 2133 33
787 2077 866 2132 3333
882 2057 971 2130 mihi
980 2058 1159 2131 videretur
1169 2059 1343 2151 propositi

281 2180 395 2272 ipsius
414 2182 573 2267 indoles,
592 2202 634 2257 ea
652 2185 816 2277 impensa
835 2183 1015 2266 doctrina,
1036 2202 1079 2256 ea
1097 2169 1228 2256 mentis
1246 2185 1343 2276 inge·

282 2305 445 2380 uiesitas.
470 2309 604 2401 Nempe
624 2307 899 2392 Similitudines,
921 2309 959 2380 ni
979 2308 1096 2392 131133,
1114 2307 1266 2381 rendere
1284 2307 1342 2381 in-

282 2431 397 2504 stituit
429 2432 554 2505 eedem
592 2452 663 2524 que
699 2433 893 2526 Dionysius
923 2429 1209 2524 Archoeoiopiam
1241 2435 1343 2507 suam

281 2557 415 2630 animo.
437 2557 645 2661 ls-serihere
665 2577 704 2631 33
722 2557 851 2632 fatetur
874 2565 913 2630 ut
933 2558 1043 2630 Graeei
1062 2577 1084 2628 a
1102 2557 1210 2630 rebus
1229 2576 1344 2631 roma-

282 2682 340 2754 nis
360 2683 468 2754 alieni
494 2701 573 2756 esse
593 2681 786 2765 desistant,
810 2701 855 2756 ue
873 2682 1028 2774 amplius
1053 2683 1147 2754 inter
1172 2681 1344 2755 barbares

282 2807 460 2879 Romanos
479 2807 653 2891 habeant,
677 2807 741 2880 sed
759 2826 820 2880 eos
840 2825 884 2879 ex
904 2825 943 2879 33
968 2807 1106 2898 genitus
1125 2807 1164 2877 in
1188 2825 1341 2878 tensan-

281 2927 489 3022 guinitatem
518 2931 691 3024 recipiant
726 2939 761 3004 et
796 2930 940 3002 illerum
971 2930 1050 3022 ipsa
1079 2930 1190 3024 gloria
1225 2930 1343 3002 deteri

281 3074 403 3146 graecae
416 3055 553 3129 nationi
570 3057 627 3129 sit.
641 3056 745 3128 Haud
755 3057 857 3128 aliter
868 3055 959 3128 luha
971 3055 1083 3127 veluit
1094 3055 1191 3146 qued
1207 3057 1341 3148 1113333-

282 3179 357 3251 sius
387 3181 426 3251 in
459 3181 609 3253 historia
639 3186 831 3262 monstrat,
858 3179 935 3271 ipse
962 3180 1001 3250 in
1033 3179 1154 3270 lingua
1182 3178 1343 3252 moribus

280 3303 455 3377 institutis
480 3311 514 3378 et
534 3304 808 3395 antiquitatibus
832 3303 956 3396 pepuli
977 3303 1115 3376 romani
1135 3303 1341 3387 estendere,

283 3434 316 3501 et
338 3427 477 3520 jamdiu
503 3449 524 3500 a
550 3429 738 3509 Romanis,
759 3429 917 3501 Varrone
942 3435 1144 3520 praeeunte,
1171 3426 1343 3500 creditum

282 3552 388 3640 etiam
409 3553 538 3626 Graeeis
557 3553 785 3646 persuadere.
804 3553 862 3625 Sie
878 3553 994 3623 leeuru
1016 3559 1050 3624 et
1063 3551 1142 3643 ipse
1161 3550 1288 3622 habuit
1305 3550 1343 3622 in

282 3677 344 3749 iile
365 3667 566 3751 studiorum
586 3685 625 3750 ut
643 3678 693 3750 113
707 3676 822 3749 dicam
841 3677 990 3768 impetu,
1013 3675 1075 3766 qui
1096 3675 1269 3748 hellurum
1290 3674 1343 3748 tu-

283 3821 427 3908 rerem,
441 3822 527 3896 paee
546 3805 592 3876 ab
611 3804 768 3894 Auguste
792 3802 904 3886 13313,
927 3801 1084 3891 excepit,
1107 3800 1193 3872 dum
1214 3801 1344 3873 securi-

283 3928 346 4002 tati
366 3935 401 4001 et
419 3929 554 4000 mutuis
574 3927 794 4000 eemrnereiis
819 3926 968 3999 liberius
989 3923 1178 4017 indulgent
1196 3923 1342 4016 populi,

282 4053 432 4127 invieem
453 4073 491 4128 se
509 4055 652 4126 novisse
669 4054 804 4137 velunt,
823 4058 857 4125 et
877 4051 970 4123 inter
984 4069 1022 4124 se
1040 4067 1166 4122 rursus
1180 4054 1346 4120 333313333-
1435 4135 1437 4141 ¹

283 4183 341 4250 tur
360 4197 440 4269 quaa
454 4179 500 4252 ad
517 4179 700 4270 ingenium
720 4176 953 4250 excolendum
972 4176 1104 4247 valent.
1125 4175 1187 4245 Hae
1201 4172 1346 4246 fuerunt

282 4309 365 4375 aute
394 4304 515 4376 emnia
541 4304 740 4376 Graeeerum
775 4300 962 4374 homiuum
991 4307 1128 4391 partes
1155 4295 1235 4387 qui,
1258 4293 1345 4369 dum
