3498 5324
691 562 852 626 ...31-

241 705 419 778 venalium
436 705 546 779 totius
565 702 664 796 regni
684 703 839 774 maxime
858 701 1088 783 celebratum,
1110 699 1172 772 ubi
1192 706 1227 772 et
1248 700 1304 772 in·

185 805 187 810 ’
241 830 369 914 colere,
391 834 482 904 teste
501 827 684 911 Sallustio,
705 833 739 900 ct
753 827 901 899 mercari
916 832 1174 898 consueverant
1193 825 1304 898 ltalici

241 953 380 1046 generis
405 951 509 1026 multi
538 952 706 1025 mortales
739 949 816 1047 (1),
844 971 863 1024 1
903 951 992 1024 alias
1019 968 1144 1023 omnes
1169 949 1305 1024 linibus

242 1077 341 1170 regui
354 1077 617 1169 provinciaque
627 1076 762 1149 adsitas
778 1075 886 1149 urbes
898 1076 1065 1149 floruisse
1079 1093 1143 1166 per
1156 1073 1307 1166 peregri·

242 1220 309 1274 nos
328 1207 488 1294 apparet.
507 1202 611 1284 Post,
630 1200 800 1292 gliscente
816 1199 977 1291 quotidie
996 1200 1034 1271 in
1056 1217 1164 1289 regno
1181 1199 1306 1290 populi

243 1327 382 1399 romani
397 1327 618 1409 auctoritate,
635 1326 747 1417 magis
763 1344 803 1397 ae
820 1325 933 1417 magis
944 1325 1124 1398 confluere
1139 1342 1307 1397 romanos

243 1451 422 1536 homines,
446 1469 593 1522 romana
611 1450 766 1542 negotia.
789 1450 901 1523 ltaliae
921 1449 1039 1521 omnis
1058 1467 1259 1540 aurumque
1274 1455 1309 1522 et

243 1574 458 1648 industriam
477 1574 516 1646 in
536 1575 740 1648 Numidiam
759 1575 877 1646 visum
896 1581 962 1647 est.
986 1576 1094 1645 Porro
1125 1574 1224 1647 natio
1243 1574 1307 1646 ab·

244 1697 435 1790 originum,
462 1718 553 1790 quos
575 1697 749 1768 Barbaros
768 1698 876 1771 bodie
899 1697 1062 1790 generice
1081 1699 1228 1772 nomine
1247 1719 1309 1792 ap·

244 1823 420 1913 pelamos,
436 1823 609 1896 rusticum
625 1829 659 1896 et
673 1831 810 1916 agreste
824 1841 937 1914 genus
954 1830 1025 1905 est,
1045 1823 1143 1915 quod
1165 1823 1309 1897 urbium

244 1947 386 2040 negotia
407 1954 441 2021 et
466 1948 715 2021 assiduitatem
743 1947 940 2040 peregrinis
963 1947 1081 2022 libens
1105 1948 1307 2041 relinquit:

245 2077 421 2144 testantur
448 2073 599 2164 digeriae
631 2073 739 2147 urbes
772 2072 919 2156 ludaeis,
955 2072 1089 2156 Tuscis,
1109 2074 1307 2165 Europam,

245 2196 472 2287 paucissimis
491 2217 573 2271 vero
592 2216 636 2271 ex
655 2198 815 2289 antiquis
835 2197 902 2269 soli
918 2197 1127 2283 cultoribus,
1146 2199 1311 2291 trequen-

246 2327 312 2392 tes.
338 2322 390 2393 lta
416 2339 472 2395 res
498 2331 572 2396 erat
597 2325 636 2396 in
655 2340 764 2415 regno
782 2321 895 2406 tubae,
918 2323 1018 2413 cujus
1038 2322 1145 2395 urbes
1165 2323 1309 2408 Graecis,

250 2445 432 2530 Romanis,
457 2447 595 2530 Ptenis,
618 2446 725 2518 etiarn
746 2447 844 2538 Syris
865 2453 972 2536 atque
995 2446 1212 2529 Nabathaeis‚
1238 2465 1312 2535 non

247 2571 368 2641 minus
395 2589 503 2660 quam
528 2569 715 2658 Numidis,
744 2570 865 2642 forsan
892 2569 1018 2662 magia,
1047 2569 1308 2645 incolebantur.

248 2693 335 2766 lnde
356 2695 462 2766 trium
490 2697 704 2786 populorum
728 2702 822 2768 artes
846 2713 887 2768 ao
910 2695 1043 2786 linguae
1068 2694 1107 2765 in
1132 2695 1312 2785 regionem
1341 2740 1342 2743 κ

250 2820 521 2911 spargebantur.
545 2819 697 2892 Punicas
714 2818 927 2911 iamdudum
948 2825 1109 2911 acceptas
1130 2817 1240 2891 luisse
1255 2837 1311 2891 re·

250 2943 401 3035 ligiones
432 2943 525 3017 inter
558 2951 673 3018 cetera
703 2943 950 3017 demonstrant
980 2944 1140 3035 ipsorum
1167 2944 1315 3015 nomina

251 3088 372 3162 regum
399 3088 441 3141 ac
466 3070 668 3161 principum
693 3069 826 3160 saepius
850 3068 895 3140 ad
917 3069 1058 3140 Baalem
1084 3075 1146 3140 aut
1164 3068 1315 3141 Mellar-

251 3195 348 3266 tbem
368 3191 566 3276 referenda,
586 3193 682 3264 velut
702 3192 835 3274 Balem‚
857 3192 1064 3274 Narbalem‚
1086 3191 1313 3277 dderbalem,

252 3317 528 3404 Bodmilcarem,
550 3316 849 3397 Mastanabalem‚
872 3335 916 3388 11
935 3317 1066 3407 punico
1090 3316 1315 3389 vocabulario

252 3443 453 3532 desumpta.
480 3440 714 3515 Numidarum
735 3458 922 3523 sermone,
944 3458 1050 3531 quem
1074 3459 1141 3513 nos
1169 3443 1207 3512 in
1229 3460 1316 3532 pau·

253 3567 303 3639 cis
319 3574 353 3639 et
368 3567 590 3639 brevissimis
610 3565 724 3639 titulis
749 3563 795 3660 (i)
820 3565 1039 3658 reperimus,
1062 3585 1249 3656 nunquam
1270 3567 1316 3638 ad

253 3693 424 3764 litteraria
445 3692 564 3766 studia
583 3692 695 3764 luisse
715 3691 777 3783 qui
797 3709 885 3764 usus
906 3690 953 3762 sit
972 3689 1161 3782 comperit,
1181 3698 1215 3762 et
1239 3709 1318 3762 rara

254 3817 340 3889 artis
355 3819 541 3909 αὐτοχθόνου
562 3822 812 3899 monumenta,
834 3833 915 3906 quae
933 3814 1038 3888 rudia
1052 3814 1178 3886 altaria
1200 3814 1316 3886 autin

285 4154 320 4220 (1)
336 4150 408 4215 Sall,
423 4153 491 4218 sap„
508 4149 547 4216 17,
562 4150 602 4206 19.

286 4243 320 4308 (i)
335 4243 406 4307 Lege
423 4242 449 4293 1.
465 4241 580 4305 Hale'vy,
597 4243 692 4294 Etudea
710 4239 840 4300 Barbaros,
856 4241 901 4292 ubi
918 4251 1043 4304 eexuvnr,
1058 4242 1103 4306 qui
1124 4246 1186 4292 ante
1204 4255 1266 4308 ann.
1285 4237 1316 4291 D.

258 4333 318 4386 1871
330 4334 511 4394 innotuerant,
527 4332 650 4395 reperies.
