3490 5318
725 623 905 688 -139-

286 764 433 838 simoin
453 782 559 837 usum
579 766 751 846 vocatam,
773 762 951 854 praecipue
971 761 1067 854 quod
1085 762 1131 836 ad
1151 763 1345 852 Orientem,

285 887 380 962 Asiae
406 906 527 981 regna,
549 885 702 970 Indiam,
723 885 890 959 Arabiam
909 892 944 960 et
962 887 1108 980 Libyam
1130 889 1345 979 pertinebat.

285 1013 442 1098 Quarum
463 1011 647 1102 regionum
666 1009 804 1101 aliquot
822 1011 901 1103 ipse
914 1010 1005 1085 Juba
1023 1020 1233 1104 cognouerat
1251 1020 1286 1088 et
1304 1014 1350 1090 de

284 1135 364 1210 visu
383 1134 584 1209 describere
602 1135 732 1228 potuit,
750 1141 942 1209 ceterarum
964 1134 1060 1227 apud
1074 1142 1236 1212 auctores
1252 1157 1349 1230 qua·

285 1259 414 1335 siverat
433 1261 611 1333 notitiam.
636 1260 691 1334 ub
714 1261 771 1334 bis
791 1267 910 1334 autem
931 1259 1116 1354 deceptum
1136 1262 1248 1336 fuisse
1266 1281 1348 1338 eum

285 1386 433 1460 minime
458 1385 646 1469 miremur,
673 1393 712 1458 ut
736 1385 798 1477 qui
825 1385 1053 1460 doctissimus
1078 1384 1223 1478 quidem
1249 1387 1349 1462 illius

284 1511 406 1584 saeculi
431 1510 556 1594 fuerit,
581 1529 656 1583 non
685 1511 764 1602 ipso
791 1511 921 1585 saeculo
948 1510 1097 1583 doctior.
1124 1512 1213 1585 Nam
1236 1530 1348 1603 quum

286 1633 405 1707 Nilum
433 1634 483 1708 ait
513 1634 741 1707 ementibus
775 1653 884 1726 supra
909 1633 1147 1708 Mauretanias
1174 1635 1347 1728 originem

284 1756 471 1832 ducentem
506 1759 544 1830 in
581 1757 797 1850 AEtbiopiam
834 1757 919 1831 inde
958 1757 1148 1851 procedere
1186 1777 1267 1832 mox
1302 1759 1349 1834 ad

283 1882 468 1974 AEgyptum
490 1881 645 1954 converti
670 1878 742 1976 (t),
765 1882 820 1952 vix
843 1881 1064 1972 ignorantior
1084 1880 1221 1954 videtur
1241 1901 1348 1973 quarn

283 2005 464 2079 memoria
474 2012 607 2079 nostrae
623 2006 801 2078 homines.
814 2007 936 2095 Neque
947 2005 1052 2077 nobis
1066 2005 1347 2078 obliviscendum

283 2134 337 2202 est
356 2129 512 2201 Plinium
540 2148 621 2202 eum
649 2129 693 2201 de
717 2128 848 2201 Arabia
872 2134 906 2201 et
932 2127 1100 2202 extremis
1121 2129 1347 2202 orientalium

282 2253 436 2346 partium
456 2255 613 2348 populis,
631 2272 704 2326 non
724 2259 764 2326 ut
778 2254 923 2325 unicum
941 2252 1005 2326 sed
1019 2258 1059 2325 ut
1077 2254 1251 2344 optimum
1267 2271 1348 2326 auc-

281 2383 407 2461 torem,
431 2377 592 2471 elegisse,
616 2379 718 2470 cujus
736 2376 873 2450 iteratis
893 2376 1030 2450 vicibus
1053 2374 1100 2471 (t)
1119 2378 1347 2469 conspicuam

282 2501 389 2575 etiam
408 2501 514 2576 nobis
532 2500 754 2594 diligentiam
775 2500 944 2573 laudavit.

332 2623 402 2698 Sed
414 2643 496 2698 eum
513 2624 667 2697 maxime
677 2625 715 2695 iu
727 2623 878 2696 historia
888 2643 961 2696 non
977 2622 1220 2715 spernendum
1235 2622 1348 2696 fuisse

281 2749 399 2824 credo.
423 2751 584 2836 Quanam
604 2748 701 2820 enim
722 2755 840 2822 mente
860 2757 894 2823 et
914 2768 985 2840 qua
1005 2747 1172 2822 methodo
1197 2747 1348 2839 scripse·

282 2874 328 2946 rit
345 2873 503 2966 produnt
526 2891 567 2946 ea
593 2872 739 2963 quaeda
760 2873 856 2964 eius,
879 2891 985 2964 quem
1012 2873 1122 2946 fontis
1147 2872 1223 2944 loco
1251 2869 1347 2964 apud

282 2998 472 3089 scriptores
507 2995 680 3079 vidimus,
717 2998 831 3088 ipsius
870 2997 1030 3069 fontibus
1069 3002 1208 3087 reperta
1246 3000 1344 3066 sunt.

283 3120 579 3194 decentissimum
609 3120 768 3193 studium
801 3125 875 3202 est,
902 3137 968 3193 nec
993 3118 1170 3192 mediocre
1196 3135 1347 3190 acumen

282 3246 552 3338 doctrinamque
572 3265 717 3340 parvam
737 3245 945 3337 requirens,
968 3243 1066 3336 quod
1084 3241 1239 3335 aggressi
1259 3249 1346 3314 stre·

281 3391 353 3445 nuo
372 3378 457 3445 sunt
476 3373 642 3455 Boethus,
667 3372 841 3453 Kellerus,
865 3371 1025 3453 Peterus,
1049 3369 1259 3442 Glasserus.
1279 3367 1343 3438 Pe-

282 3502 378 3569 terus
406 3494 444 3568 id
470 3495 645 3569 instructo
673 3512 778 3585 opere
804 3493 893 3567 adiit
925 3493 962 3564 iu
993 3492 1244 3565 dissertatione
1275 3509 1347 3582 qua

176 3641 179 3648 ¹
281 3619 411 3711 quaerit
435 3645 450 3682 ‹
470 3617 559 3709 quid
577 3619 616 3689 in
635 3617 786 3690 historia
804 3636 867 3688 rex
884 3616 977 3690 tuba
994 3615 1121 3689 valeat.
1144 3641 1159 3679 ι
1194 3614 1234 3685 ln
1255 3633 1343 3706 qua,

282 3745 348 3817 etsi
367 3744 491 3835 procul
510 3742 622 3816 dubio
644 3742 742 3816 haud
761 3742 848 3816 satis
875 3741 908 3815 ei
936 3742 1081 3826 tribuit,
1103 3748 1223 3814 tamen
1243 3738 1288 3811 de
1304 3757 1345 3811 eo

282 3872 374 3940 recte
403 3866 441 3939 in
474 3884 603 3958 genere
631 3865 767 3939 dixisse
797 3866 949 3939 videtur.
985 3863 1160 3955 Equidem
1197 3861 1346 3936 minime

281 3991 408 4062 vellem
423 3990 552 4063 tubam
569 3990 678 4062 nimis
699 3989 917 4072 defendisse,
935 4007 1041 4080 quern
1057 4007 1225 4079 magnum
1244 3986 1344 4060 nullo

312 4298 347 4362 (i)
363 4297 467 4360 Fregm.
481 4295 522 4347 29.

314 4386 348 4452 (2)
367 4384 428 4437 vid.
444 4387 477 4436 ad
492 4386 585 4449 fragm.
598 4384 629 4436 26
642 4389 667 4434 et
682 4385 721 4436 tt.
