3490 5318
880 645 918 656 -
944 610 1056 672 lal-

436 765 542 820 causa
557 767 576 820 6
593 747 713 820 nescio
732 765 804 838 qua
823 755 923 839 parte
944 751 1062 839 operis
1083 751 1203 822 nescio
1224 767 1294 840 quo
1315 750 1420 822 modo
1441 769 1498 822 61-

436 871 577 961 cerpus,
593 871 623 943 si
641 871 733 943 nihil
748 872 846 944 aliud
862 872 1003 944 adesset
1018 873 1062 944 de
1079 892 1149 963 que
1164 873 1325 964 judicare
1341 891 1496 965 possem.

436 997 487 1067 Ex
512 995 559 1066 iis
586 1014 703 1087 neque
728 996 873 1078 merita,
896 1015 1013 1087 neque
1045 1015 1169 1069 rursus
1194 998 1295 1082 vitia,
1326 998 1499 1069 librorum

436 1138 646 1211 cognoscere
678 1121 771 1193 licet.
806 1123 985 1207 Quantum
1021 1129 1139 1194 autern
1174 1122 1342 1194 hariolari
1372 1121 1497 1204 datur,

436 1245 659 1335 propositum
697 1245 768 1316 lere
806 1246 967 1317 omnium
1007 1245 1226 1318 laudandum
1265 1247 1384 1337 potius
1419 1245 1497 1316 luit.

438 1369 628 1442 Historiam
651 1371 746 1442 enlm
773 1377 834 1442 aut
861 1373 1112 1463 geographiam
1137 1372 1291 1462 regionis
1315 1369 1500 1461 cujusdam

422 1494 540 1570 multi
561 1501 821 1577 tractaverunt;
844 1496 908 1567 sed
936 1495 1114 1587 quidquid
1141 1496 1187 1568 ad
1209 1496 1405 1567 naturalem
1427 1494 1501 1566 his·
1579 1505 1584 1513 ’

437 1620 563 1689 loriam
585 1626 618 1690 et
637 1638 754 1690 mores
781 1621 1019 1710 institutaque
1038 1622 1193 1711 pertinet
1211 1620 1406 1712 adjungere
1430 1638 1501 1709 quo

437 1744 577 1834 plenior
601 1762 718 1815 rerum
743 1745 979 1836 intelligentia
1000 1745 1066 1826 sit,
1089 1746 1178 1817 mihi
1203 1764 1276 1816 non
1296 1743 1425 1816 eruditi
1443 1762 1503 1815 so-

437 1869 511 1938 lum
539 1868 601 1940 sed
629 1867 750 1939 eximii
777 1868 910 1958 ingenii
932 1875 998 1940 est.
1022 1871 1065 1940 Et
1087 1869 1182 1960 apud
1203 1888 1292 1960 nos,
1315 1868 1377 1958 qui
1396 1867 1503 1940 hodie

439 1992 506 2062 sub
526 1991 775 2084 orchoeologioe
795 1993 1072 2084 nominaipsam
1091 1992 1184 2064 liano
1202 2011 1320 2065 rerum
1342 1992 1503 2063 omnium

437 2117 483 2189 ad
504 2119 610 2189 vitam
631 2136 820 2208 moresque
843 2119 1099 2208 pertinentium
1119 2119 1305 2190 scientiam
1329 2117 1421 2188 inter
1440 2133 1504 2186 no·

439 2240 635 2312 bilissimas
654 2241 864 2332 disciplinas
885 2241 1069 2334 praestanti
1095 2243 1170 2313 loco
1190 2241 1390 2333 posuimus,
1414 2239 1506 2310 mul-

441 2371 517 2436 tum
546 2384 633 2437 sane
665 2366 764 2438 lubae
796 2366 953 2458 proderit
986 2366 1084 2456 quod
1115 2367 1148 2437 ei
1183 2373 1253 2438 tam
1288 2361 1501 2454 diligenter,

442 2508 647 2580 quanquam
676 2508 742 2562 nec
767 2492 865 2562 solus
893 2509 960 2562 nec
984 2492 1170 2581 princeps,
1198 2507 1341 2580 operam
1366 2489 1504 2578 impen-

441 2613 545 2686 derit.

466 2739 582 2826 -Quid
604 2747 723 2812 autem
748 2742 794 2812 arl
818 2741 1026 2813 thesaurum
1051 2740 1210 2830 antiquae
1229 2737 1401 2810 doctrinae
1420 2755 1505 2808 con·

441 2865 561 2937 tulerit
597 2865 751 2937 breviter
785 2882 963 2956 exponere
1001 2883 1119 2956 operae
1154 2864 1310 2955 pretium
1349 2861 1502 2934 videtur.

442 2991 620 3076 Quantum
635 2991 731 3061 enirn
745 2991 861 3062 locum
878 2989 974 3081 apuu
988 2989 1197 3081 posterioris
1215 2989 1329 3060 atatis
1340 2985 1506 3058 homines

440 3113 606 3186 hahuerit
631 3122 665 3186 et
688 3122 865 3205 quatenus
889 3114 934 3187 de
961 3114 1066 3187 nohis
1093 3115 1185 3186 bene
1212 3113 1259 3183 sit
1283 3110 1431 3183 meritus
1456 3108 1507 3180 ita

441 3237 585 3310 demum
606 3247 848 3330 cognoscetur.
876 3241 1086 3332 Fragmenta
1111 3239 1206 3328 enim
1232 3236 1376 3307 collecta
1400 3241 1503 3305 trun·

441 3380 516 3432 cam
538 3364 700 3453 praebent
719 3364 979 3454 evanidamque
998 3381 1145 3456 operum
1166 3380 1186 3433 e
1205 3360 1338 3451 quihus
1358 3359 1507 3430 veniunt

442 3487 605 3558 notitiam
625 3512 632 3557 :
655 3491 852 3578 praesertim
872 3507 982 3580 quum
1003 3489 1041 3559 in
1061 3505 1210 3559 numero
1230 3504 1352 3557 eorum
1373 3501 1414 3556 ea
1431 3489 1507 3555 tan-

441 3612 626 3683 tummodo
646 3618 831 3703 ponuntur
845 3631 926 3704 quae
943 3612 1089 3684 nomine
1105 3611 1267 3702 apposito
1281 3607 1377 3699 apud
1397 3605 1507 3697 scrip-

443 3743 537 3808 tores
566 3744 768 3809 occurmnt.
796 3737 865 3809 Sed
893 3739 998 3828 longe
1024 3737 1128 3829 plura
1157 3741 1318 3807 auctores
1346 3752 1389 3804 ex
1414 3729 1507 3803 Juba

443 3861 594 3933 mutuati
615 3868 716 3944 sunt,
740 3880 821 3951 quae
839 3868 997 3933 recentes
1017 3859 1249 3950 disquisiere‚
1271 3864 1306 3929 et
1324 3854 1506 3927 interdum

443 3984 665 4076 gravissima.
688 3987 738 4057 De
758 3986 891 4075 quibus
911 3985 1169 4057 controversias
1193 3982 1252 4054 hio
1277 3980 1407 4054 1616116
1432 3996 1507 4049 non

443 4127 534 4199 opus
555 4115 625 4193 est,
653 4127 718 4182 nec
741 4110 862 4182 omnia
886 4109 1066 4191 indicare;
1091 4107 1180 4198 quid
1202 4112 1320 4179 61116111
1346 4101 1507 4176 certioris

443 4233 489 4305 de
508 4235 698 4325 praecipuis
718 4231 826 4306 rebus
846 4234 971 4307 eradat
990 4232 1195 4305 dicendum.

493 4357 598 4430 llaud
625 4359 697 4429 scie
729 4377 776 4430 an
810 4358 847 4430 in
880 4366 954 4431 toto
983 4375 1101 4430 rerum
1128 4373 1356 4431 romanarum
1383 4361 1510 4426 tenere
