3490 5318
706 540 886 608 -137-

261 697 379 754 rernm
399 677 588 778 scientiam·
605 676 725 770 potius
745 677 784 751 in
804 676 907 752 libris
927 695 1035 770 quam
1054 676 1145 771 ipsis
1163 675 1203 748 in
1217 675 1326 750 rebus

262 804 485 898 quaerebant.
505 805 577 896 Ego
595 821 677 874 vero
698 803 861 896 asperius
882 801 1060 876 crederem
1080 799 1218 875 homini
1239 799 1325 873 vitio
1445 852 1448 858 ¹

261 936 396 1004 vertere
411 928 508 1020 quod
523 947 597 1000 non
615 929 705 1001 alter
720 925 928 1002 Aristoteles
948 929 1007 1000 sit.

311 1051 467 1124 Gloriam
492 1058 611 1124 autem
638 1069 745 1143 quam
777 1051 874 1143 apud
897 1058 1032 1124 veteres
1055 1051 1230 1142 adeptum¹
1247 1067 1327 1122 esse

261 1182 400 1249 constat
418 1175 580 1249 libellum
601 1174 656 1246 De
673 1174 780 1246 herbo
801 1173 1013 1268 Euphorbeae
1033 1180 1067 1249 et
1086 1172 1264 1265 quidquid
1287 1173 1330 1245 in

261 1301 323 1374 illo
349 1300 436 1374 boni
458 1299 569 1373 inisse
593 1301 762 1373 hariolari
788 1300 909 1387 datur,
937 1318 1014 1374 non
1043 1299 1177 1398 libente
1205 1297 1326 1370 animo

261 1443 455 1498 memorem
478 1449 486 1496 ε
514 1424 702 1516 Euphorbi
721 1426 817 1498 enim
838 1424 966 1497 medici
988 1431 1165 1516 quatenus
1193 1422 1326 1494 auxillo

262 1567 350 1621 usus
373 1549 465 1621 Juba
495 1533 576 1620 eum
600 1548 851 1641 conscripserit
877 1566 950 1620 non
977 1566 1170 1639 possumus
1197 1546 1328 1619 discor-

262 1691 360 1745 nere.

311 1796 405 1883 Quid
424 1797 462 1868 in
483 1798 711 1889 grammatice
734 1797 885 1870 valuerit
909 1815 982 1868 non
1005 1803 1077 1868 tam
1101 1795 1208 1886 plane
1228 1795 1328 1886 igno·

264 1938 399 1993 ramus.
433 1924 550 2007 Quum
582 1922 678 1992 enim
711 1921 843 1994 iontem
873 1920 1083 2014 primarium
1116 1919 1327 1992 Plutarchus

262 2062 343 2118 eum
364 2044 402 2115 in
422 2045 541 2122 Αἰτιοῖς
560 2044 747 2128 adhibeat,
771 2043 950 2134 quomodo
972 2042 1230 2116 Varronianam
1250 2040 1329 2113 doc

261 2167 392 2242 trinam
408 2174 544 2250 tractet,
564 2167 652 2259 quid
668 2175 702 2240 et
716 2167 813 2240 uude
830 2168 877 2239 ad
892 2186 969 2239 eam
986 2166 1142 2258 adjiciat,
1161 2184 1327 2256 quaenam

261 2290 339 2383 ipse
358 2291 547 2382 excogitet,
570 2309 642 2381 quo
661 2290 804 2382 ingenio
825 2309 897 2380 qua
915 2297 990 2363 arte
1007 2290 1128 2362 omnia
1148 2296 1328 2382 comparet

226 2425 231 2433 ’
257 2412 394 2505 judicet
420 2423 626 2505 componat,
656 2415 885 2506 aliquatenus
911 2415 1113 2506 perspicere
1139 2414 1256 2486 datur.
1286 2415 1329 2486 Et

260 2538 416 2631 proiecto
442 2539 647 2612 mirandum
674 2539 815 2612 videtur
834 2559 854 2610 a
873 2546 925 2611 tot
948 2538 1166 2612 doctissimis
1190 2539 1276 2611 viris
1296 2539 1328 2611 ei

261 2662 409 2735 omnino
428 2662 550 2754 negari
569 2663 705 2754 ingenii
724 2662 834 2735 robur
851 2670 886 2735 et
900 2680 1064 2745 acumen,
1088 2662 1173 2735 dum
1195 2663 1329 2735 Plutar-

261 2787 367 2860 chum
387 2806 407 2858 e
430 2788 507 2858 loco
534 2787 726 2877 conspicuo
753 2806 859 2878 quem
884 2788 978 2860 inter
1000 2793 1162 2859 auctores
1189 2787 1335 2859 obtinet-

261 2929 366 2983 nemo
390 2917 503 3010 tentet
522 2910 723 2983 detrudere.
746 2910 790 2981 lit
813 2910 951 2982 utinam
974 2910 1160 2983 habuisset
1187 2928 1327 3000 semper

260 3035 389 3110 Iubam
411 3035 536 3108 ducem
564 3036 847 3127 magistrumque
877 3035 1106 3108 Plutarchus!
1143 3035 1210 3107 Ubi
1230 3036 1326 3107 enirn

261 3159 293 3232 ei
317 3160 505 3240 innititur,
531 3160 646 3234 idest
670 3160 747 3249 ejus
774 3153 992 3252 Ὁμοιότησιν,
1019 3167 1082 3232 aut
1106 3160 1328 3232 Varroniano

262 3282 348 3356 dicit
371 3291 434 3356 aut
453 3282 579 3357 saltem
599 3285 758 3355 Varrone
784 3282 905 3374 digna.
938 3282 1008 3356 Sed
1035 3284 1099 3355 ubi
1126 3303 1190 3356 suo
1217 3285 1328 3357 Marte

261 3413 375 3484 tentet
411 3407 524 3479 latina
559 3385 731 3479 uocabula
767 3425 878 3497 graece
920 3407 1097 3499 explicare
1135 3409 1328 3480 transferre

262 3531 482 3610 exscribere,
504 3533 628 3624 quales
649 3533 707 3604 bei
737 3531 826 3603 mihi
852 3531 1015 3605 videmus
1042 3533 1247 3625 prosodiam
1272 3552 1328 3605 or·

262 3656 511 3748 thographiam
524 3657 785 3747 nominumque
796 3655 903 3727 etiam
916 3656 1189 3748 intelligentiam
1205 3654 1212 3725 t
1231 3657 1328 3728 Tunc

262 3781 369 3874 κάρηρι
390 3780 569 3852 cernimus
591 3787 626 3852 et
647 3783 778 3872 κορῶναν
800 3785 835 3851 et
860 3805 875 3844 o
896 3780 975 3851 sine
999 3780 1110 3871 patris
1132 3806 1147 3844 ι»
1169 3787 1204 3853 et
1222 3801 1328 3872 ocem

261 3923 325 3996 pro
343 3925 405 3974 ove
424 3912 458 3976 et
472 3925 662 3996 prosocero
678 3906 891 3976 translatum
912 3905 951 3975 in
971 3924 1123 3996 graecum
1138 3914 1328 3975 κατακολου·

261 4030 336 4112 θεῖν,
362 4034 396 4100 et
422 4029 577 4122 plurima
595 4027 726 4100 deinde
745 4028 817 4100 alia
836 4046 916 4120 quae
934 4027 1064 4116 Iubam
1086 4030 1213 4105 abesse
1237 4050 1328 4104 nun·

262 4151 366 4225 tiant.
391 4151 425 4224 Is
444 4160 537 4225 certe
554 4155 774 4247 πολύγλωττος
789 4158 878 4236 orat,
896 4160 936 4226 ut
956 4154 1019 4244 qui
1035 4173 1057 4224 a
1071 4155 1225 4246 pueritia
1244 4173 1328 4246 qua-

262 4281 344 4352 tuor
375 4277 508 4369 linguis
527 4277 579 4355 uti
598 4280 864 4362 consuevisset,
885 4279 1029 4374 pionica,
1052 4297 1175 4373 graeca,
1197 4278 1322 4364 latina,
