3490 5318
882 545 1061 610 -lae-

434 688 605 760 meliusve
619 683 823 758 invenimus
836 710 844 757 :
856 685 906 757 ita
922 694 960 757 ut
975 683 1174 777 posteriora
1186 684 1295 774 huJ'us
1317 683 1406 756 Vitae
1420 705 1501 756 nuru

434 813 548 904 capita
571 829 644 882 non
669 811 785 882 solum
812 817 846 882 et
870 829 999 902 genere
1025 809 1198 881 orationis
1219 816 1253 880 et
1280 807 1502 906 abundantia

434 953 552 1006 rerum
573 953 653 1024 qua
672 935 818 1006 aliunde
842 953 916 1005 non
941 940 1130 1026 compertae
1156 941 1257 1005 erant
1282 933 1501 1004 Plutarchels

434 1058 602 1130 omnihus
629 1065 818 1147 praestent,
844 1059 907 1132 sed
932 1060 1039 1132 etiarn
1064 1059 1158 1130 inter
1183 1058 1318 1149 optima
1343 1057 1501 1129 historiae

433 1182 592 1272 antiquae
615 1181 810 1274 fragmenta
835 1186 950 1256 locum
975 1185 1107 1255 hahere
1130 1183 1304 1266 debeant,
1327 1187 1361 1254 et
1382 1183 1500 1254 Wich·

433 1325 586 1389 manno,
607 1306 669 1396 oni
689 1307 819 1380 eximie
839 1308 883 1381 de
902 1309 947 1380 iis
968 1308 1158 1390 disseruit,
1177 1326 1250 1379 non
1270 1307 1342 1379 nisi
1363 1325 1406 1379 er
1423 1325 1501 1378 auc·

435 1440 511 1504 tore
525 1430 663 1523 egregio
679 1431 876 1505 defluxisse
892 1434 1092 1506 videantur.
1114 1432 1205 1504 Vicit
1225 1450 1312 1504 sane
1327 1431 1502 1503 contraria

435 1556 571 1627 locutos
601 1555 751 1647 scriptor
777 1557 838 1629 ille
863 1558 931 1630 suh
956 1559 1026 1630 alio
1053 1558 1191 1639 latens,
1220 1556 1317 1647 apud
1343 1575 1409 1626 nos
1437 1574 1499 1646 per

435 1679 574 1771 hmyoti
593 1680 882 1763 translationem,
904 1682 1000 1774 apud
1020 1682 1154 1773 hnglos
1182 1700 1246 1773 per
1270 1680 1499 1771 Shahesperii

435 1805 585 1886 drama,
623 1805 919 1898 cleopatramque
952 1808 1124 1879 memoria
1156 1807 1343 1878 hominurn
1381 1805 1499 1896 potius

436 1931 579 2020 qualem
601 1931 812 2003 Plutarchus
833 1931 985 2024 effingit,
1008 1952 1116 2023 quarn
1137 1933 1280 2022 qualem
1301 1932 1389 2012 llio,
1416 1930 1522 2028 reti·¹

436 2064 508 2128 net.
545 2057 741 2147 Cuiusnam
768 2065 887 2130 autem
916 2059 1126 2130 Plutarchus
1158 2058 1304 2148 vestigia
1332 2056 1502 2148 presserit

439 2187 662 2270 quarentes,
687 2181 890 2253 Parthicum
911 2183 1046 2255 bellum
1067 2202 1110 2255 er
1130 2185 1171 2268 Q.
1195 2181 1329 2264 Pellio,
1356 2180 1501 2253 Antonii

435 2304 622 2396 inprimis
648 2307 761 2378 amico
789 2326 870 2378 mox
895 2308 941 2380 ad
966 2310 1196 2381 Octavianum
1222 2315 1445 2406 transgresso
1470 2311 1503 2376 et

436 2431 498 2521 quui
526 2430 633 2520 hujus
661 2431 767 2514 belli,
800 2432 920 2504 lorsan
945 2441 980 2505 et
1006 2435 1177 2525 temporis
1208 2433 1285 2514 sui,
1312 2429 1499 2502 historiam

436 2555 711 2646 conscripserat,
739 2555 968 2647 desumptum
1001 2558 1197 2630 Heerenius
1221 2563 1256 2628 et
1282 2557 1325 2625 H.
1355 2556 1501 2626 Peterus

435 2678 644 2751 docuerunt.
669 2679 771 2752 Unde
791 2687 905 2752 cetera
927 2681 1071 2754 veniant
1090 2680 1375 2772 disputationum
1393 2697 1501 2749 causa

436 2803 514 2876 wluit.
540 2805 729 2876 Maximam
750 2813 885 2896 partem
907 2808 1057 2897 Augusti
1079 2805 1344 2879 commentariis
1370 2805 1499 2875 Haere-

436 2929 537 3014 nius,
563 2947 674 3020 prope
698 2931 820 3001 omnia
839 2931 952 3003 Dellio
977 2934 1122 3004 Peterus
1143 2931 1500 3018 Wichmannusque,

436 3061 561 3125 cuncta
587 3061 705 3127 autern
731 3055 832 3126 lubae
852 3056 1077 3147 Vollgrahius
1097 3054 1335 3129 adscribenda
1355 3070 1502 3126 censue·

437 3185 533 3249 runt.
556 3178 642 3251 lllhi
664 3169 874 3252 Plutarchus
895 3181 1047 3263 videtur,
1072 3200 1183 3271 quum
1205 3180 1327 3252 laudat
1349 3179 1502 3250 Dellinm

437 3301 634 3391 Augustum
653 3303 862 3375 Nicarohum
884 3305 1161 3396 Olympiumque
1181 3305 1376 3395 Cleopatrae
1392 3299 1504 3373 medi-

437 3443 530 3508 cum,
550 3443 675 3499 omnes
691 3435 752 3498 aut
767 3427 862 3518 apud
877 3429 987 3502 alium
1001 3448 1107 3521 quem
1124 3448 1198 3500 non
1215 3427 1378 3498 nominat
1394 3425 1503 3515 scrip·

437 3558 548 3624 torem
568 3558 630 3623 ant
648 3552 744 3642 apud
761 3553 918 3644 aliquem
939 3574 982 3627 ex
1001 3556 1058 3626 his
1076 3556 1201 3627 citatos
1221 3553 1404 3624 invenisse
1426 3571 1437 3619 τ
1458 3567 1499 3620 ea

437 3684 491 3748 est
510 3676 599 3750 ratio
619 3696 727 3768 quam
746 3698 886 3771 semper
901 3682 938 3752 in
954 3681 1159 3753 auctoribus
1176 3678 1305 3752 dandis
1322 3677 1499 3766 seqnitur.

435 3801 563 3873 iubam
589 3820 669 3874 vero
697 3805 794 3876 hunc
817 3813 995 3878 auctorem
1025 3806 1135 3877 luisse
1159 3805 1266 3895 paulo
1291 3803 1393 3873 ahest
1412 3800 1501 3891 quin

437 3943 607 3997 asseram.
624 3927 757 4018 Nempe
774 3929 969 4019 Cleopatrae
984 3931 1205 4019 antoniique
1218 3946 1338 4019 gener,
1355 3924 1503 4014 hugusti

436 4066 609 4140 perquam
644 4051 800 4133 amicus,
838 4054 976 4126 neutris
1004 4054 1166 4144 partibus
1194 4052 1347 4124 nimium
1376 4048 1506 4120 lavisse

436 4175 572 4263 potuit;
595 4175 658 4247 sed
674 4175 793 4267 potius
812 4195 855 4248 ex
871 4180 912 4263 Q.
934 4177 1037 4250 Dellii
1058 4177 1176 4273 (quem
1193 4194 1304 4269 graece
1319 4173 1507 4265 scripsisse

438 4298 586 4372 minime
600 4307 739 4374 constat
753 4320 872 4392 neque
891 4304 1001 4377 latine
1017 4305 1174 4376 locutum
1190 4302 1344 4381 libenter
1359 4295 1509 4370 adiisset
