3490 5318
875 551 1050 616 -lte-

430 692 570 773 bemus,
589 707 676 761 3333
693 707 773 761 eum
790 688 828 758 in
844 688 951 762 rebus
972 684 1173 761 scrutandis
1194 685 1389 786 eminuisse
1406 704 1490 758 con-

429 814 577 888 tendere
597 813 744 884 nollem.
766 811 928 903 Namque
948 811 1039 884 mira
1058 811 1180 883 omnia
1197 816 1232 882 at
1250 810 1445 917 credidisse
1459 817 1493 884 et

431 937 534 1029 33331
556 935 767 1028 quaesivisse
789 936 948 1021 videtum
975 935 1099 1010 sedin
1129 936 1197 1009 boc
1221 953 1300 1008 cum
1330 936 1495 1008 universa

430 1061 645 1174 antiquitate
665 1038 821 1154 peccavit
838 1085 846 1132 :
865 1061 1046 1168 communi
1067 1059 1216 1133 humani
1236 1059 1371 1156 ingenii
1390 1059 1492 1131 intir-

429 1186 574 1266 mitate‚
611 1203 683 1276 qua
717 1192 851 1275 quanto
887 1185 1008 1256 minus
1043 1184 1209 1257 norimus
1243 1191 1340 1264 lanto
1374 1185 1493 1272 minus

430 1308 528 1380 nosci
549 1327 656 1401 posse
674 1309 867 1394 credimus,
891 1316 925 1381 et
944 1311 1065 1381 nescio
1084 1327 1155 1398 333
1170 1289 1341 1404 religione
1361 1308 1494 1400 ubique

429 1411 559 1505 arcena
577 1441 611 1506 et
631 1431 811 1507 mirabilia
831 1432 1077 1529 imprudentes
1097 1409 1202 1505 nobis
1228 1409 1410 1524 fingimus.
1432 1433 1493 1505 dc·

430 1557 516 1631 cidit
535 1564 576 1628 ut
597 1556 728 1628 iubae
720 1575 757 1628 rn
778 1557 1042 1650 expeditionem
1067 1558 1186 1653 euntis
1210 1575 1328 1630 comes
1347 1557 1492 1668 quidam

429 1683 592 1754 leonem
589 1680 673 1774 sagi
675 1688 727 1753 tta
675 1681 888 1766 tieriret,
915 1699 1124 1777 rursusque
1138 1700 1202 1773 per
1222 1700 1263 1754 33
1288 1661 1365 1776 loca
1391 1658 1492 1754 linito

429 1806 525 1877 bello
549 1804 728 1877 transiens
752 1825 774 1876 3
799 1806 902 1877 13333
930 1805 1104 1906 occideret
1090 1813 1150 1896 tur
1176 1803 1240 1900 (1).
1271 1783 1358 1878 inde
1384 1825 1426 1880 ea
1449 1806 1494 1880 de

428 1929 595 2001 leonibus
613 1929 675 2000 ult
653 1929 741 2001 troni
762 1929 798 2000 in
821 1928 965 2044 1333133)
984 1931 1066 2021 3133
1084 1948 1191 2019 quam
1208 1930 1405 2038 humanum
1421 1936 1494 2003 stu-

429 2053 621 2136 dentibus,
643 2072 724 2143 3333
742 2053 833 2125 Juba
852 2027 926 2125 333
947 2037 1150 2143 scripsisset
1169 2053 1240 2131 3131
1263 2031 1305 2125 33
1331 2021 1501 2154 miraculi

428 2177 475 2249 313
477 2177 508 2248 13
529 2196 600 2268 333
619 2161 767 2250 ardebat
786 2179 1016 2268 antiquorum
1044 2196 1147 2280 mens
1166 2196 1247 2290 333)
1255 2179 1493 2286 3313333133)-

427 2307 501 2372 tere
538 2301 708 2373 vetuisset
750 2309 924 2390 quantum
965 2273 1220 2392 improbabile
1241 2303 1287 2373 sit
1328 2302 1491 2376 eumdem

426 2423 539 2496 luisse
555 2424 727 2516 leonem:
753 2423 817 2497 sed
836 2424 993 2496 absurda
1011 2425 1125 2528 magis
1145 2443 1253 2515 3333)
1273 2425 1446 2500 lortuita
1438 2446 1493 2498 m·
1500 2408 1503 2416 ’

427 2546 540 2618 doctis
553 2546 695 2619 credere
712 2549 839 2640 placet
858 2522 1079 2637 Similiteret
1066 2555 1129 2619 33
1138 2567 1219 2638 quae
1232 2549 1276 2621 de
1291 2550 1492 2644 elephantis

426 2670 585 2753 tradidit,
604 2673 801 2763 prasertim
819 2672 863 2744 de
878 2670 1089 2763 longissima
1104 2689 1227 2744 eorum
1243 2673 1326 2756 vita,
1346 2674 1412 2746 3331
1430 2682 1493 2747 333

426 2795 579 2866 nimium
594 2803 657 2868 aut
673 2797 805 2889 injuria
821 2797 1029 2888 impugnata
1043 2797 1201 2882 inerunt,
1219 2806 1253 2874 et
1267 2799 1381 2893 multa
1395 2805 1490 2885 vera,

428 2919 518 2989 mira
538 2917 637 3003 licet,
661 2921 859 3005 continent,
881 2927 1000 2992 tamen
1021 2922 1195 3013 puerilem
1213 2922 1492 3015 imprudentiam

427 3041 465 3112 in
485 3041 592 3115 rebus
611 3044 845 3117 observandis
865 3023 1037 3136 arguunt,
1057 3064 1123 3118 noc
1136 3054 1278 3119 acutum
1296 3048 1489 3137 judicium;

428 3171 462 3237 et
481 3183 524 3236 en
545 3168 621 3238 loco
643 3168 822 3239 Plutarchi
842 3168 982 3240 videtur
995 3169 1190 3260 aliquando
1210 3171 1316 3243 etiam
1336 3173 1492 3247 benevo-

428 3289 482 3359 los
512 3288 556 3360 de
582 3290 683 3362 lubae
709 3289 746 3360 in
775 3291 882 3364 rebus
911 3292 1144 3365 observandis
1178 3293 1320 3366 fortuna
1352 3295 1493 3371 dubita-

427 3411 521 3484 visse
540 3410 604 3506 (i).
624 3417 674 3486 lle
689 3413 851 3488 doctrina
865 3435 946 3488 vero
961 3435 1163 3508 nunquam.
1182 3421 1380 3493 Permultos
1395 3422 1490 3496 enim

426 3532 537 3607 libros
558 3543 592 3608 et
617 3537 744 3628 legisse
770 3546 805 3610 et
829 3539 1019 3632 diligenter
1044 3543 1245 3615 excussisse
1271 3546 1487 3636 agnoscitur.

428 3657 529 3742 Quod
548 3661 733 3743 meritum,
756 3663 860 3734 nobis
885 3665 1050 3755 exiguum
1076 3665 1114 3738 in
1139 3669 1293 3739 naturali
1318 3670 1487 3754 historia,

426 3781 522 3872 apud
537 3783 706 3874 33313333
726 3788 838 3858 multo
856 3788 1074 3871 habebatur;
1097 3809 1214 3881 neque
1233 3792 1335 3864 aliter
1352 3795 1490 3869 Plinius

425 3905 585 3978 AElianus
611 3915 645 3981 et
668 3928 793 3983 omnes
814 3912 886 3984 lere
910 3913 991 3994 alii,
1018 3921 1163 4007 excepto
1189 3935 1260 3989 uno
1281 3918 1488 4002 Aristotele,

458 4185 491 4248 (l)
508 4185 611 4250 Fragm.
627 4189 666 4238 36.

458 4273 490 4336 (l)
510 4273 571 4324 Vid.
586 4277 619 4326 ad
635 4279 729 4342 fragm.
744 4279 783 4336 3³,
