3498 5324
690 606 848 669 ..37-

235 755 270 820 et
295 748 471 820 suietibus
506 746 672 826 duobus,
709 744 946 834 quiquidem
978 744 1158 834 quomodo
1190 747 1299 819 etad
1421 817 1424 824 .

234 879 407 962 quantum
428 869 599 961 temporis
614 875 818 940 crearentur
837 869 1030 941 nescimus.

285 997 325 1067 ln
347 997 404 1068 bis
432 995 584 1068 urbibus
613 993 754 1084 negotia
779 993 900 1064 omnia
928 999 962 1065 et
993 1001 1200 1068 mercaturae
1233 996 1297 1069 iic·

236 1122 335 1202 bant,
356 1121 534 1213 peregrini
553 1118 802 1202 considebant,
820 1135 937 1191 mores
959 1118 1077 1192 denuo
1095 1121 1301 1192 excoleban-

235 1253 305 1319 tur.
325 1246 467 1319 Jamdiu
488 1246 601 1317 multa
620 1243 813 1334 surgebant
833 1250 868 1316 et
887 1244 1036 1334 pulchra
1055 1243 1219 1328 aedificia,
1237 1265 1301 1318 no·
1405 1341 1419 1354 ι

235 1372 292 1444 bis
317 1379 437 1445 tamen
464 1369 714 1462 ignorantibus
743 1386 828 1440 num
856 1367 995 1458 aliquid
1022 1369 1060 1439 in
1088 1369 1299 1442 brevissimo

236 1515 308 1586 quo
328 1495 533 1568 dominatus
551 1501 604 1567 est
623 1489 782 1584 tempore
800 1493 892 1563 Juba
910 1511 971 1564 ren
991 1492 1171 1584 adjecerit.
1190 1496 1297 1578 Sane,

236 1626 414 1709 qnatenus
442 1619 626 1700 novimus,
649 1617 740 1689 nihil
760 1617 857 1707 quod
877 1618 909 1689 ei
930 1619 1095 1709 plancae
1118 1617 1299 1690 evidenter

235 1743 418 1815 adscribas
437 1743 646 1823 inventum;
669 1760 735 1814 nec
753 1742 903 1822 mirum,
925 1760 1036 1831 quum
1055 1741 1158 1831 qnasi
1178 1741 1300 1813 omnia

235 1868 338 1940 liberi
352 1869 417 1940 aevi
432 1854 666 1939 monumenta
679 1867 814 1956 ubique
830 1883 1003 1938 novorum
1019 1865 1113 1938 mole
1127 1883 1299 1957 oppressa

236 2011 308 2063 non
339 1991 624 2083 distinguantur,
651 1992 725 2072 vel,
755 1991 865 2062 semel
895 1996 956 2062 aut
988 1991 1121 2080 sapius
1148 1989 1296 2069 reiecta,

235 2117 333 2187 iliam
353 2117 502 2189 omnino
522 2117 672 2188 iormam
693 2116 928 2207 perdiderint.

283 2241 385 2314 Jubao
411 2240 520 2313 finem
547 2240 719 2332 regnandi
751 2241 831 2313 iecit
861 2240 1039 2331 adscripta
1066 2240 1192 2312 Africae
1219 2258 1298 2330 pro·

235 2363 360 2436 vinciae
384 2364 573 2447 Numidia,
600 2383 749 2456 regnum
774 2383 855 2436 vero
883 2384 1008 2437 rursus
1036 2364 1135 2437 dedit
1158 2371 1300 2455 accepta

197 2475 201 2486 '
235 2477 467 2561 Mauretania.
485 2488 574 2561 Inde
593 2488 638 2559 ab
654 2507 695 2561 eo
714 2495 875 2580 tempore
894 2488 1059 2580 quaedam
1080 2488 1124 2561 de
1143 2505 1184 2560 eo
1202 2487 1298 2560 testi·

235 2613 357 2685 monia
383 2614 544 2686 invenire
570 2621 644 2699 est,
670 2632 783 2704 pauca
804 2613 951 2703 quidem
971 2613 1034 2685 sed
1053 2613 1200 2703 aliqua;
1226 2611 1300 2684 eri·

235 2745 363 2828 torque
383 2739 427 2809 ab
447 2737 520 2810 iliis
535 2738 693 2810 tenebris
708 2737 841 2827 quibus
856 2738 995 2810 obtecta
1013 2737 1119 2808 istius
1139 2735 1299 2808 historia

235 2863 411 2953 principia
437 2870 557 2944 erant,
579 2870 614 2933 et
631 2880 799 2933 nummos
822 2862 945 2934 titulos
970 2860 1159 2949 scriptores
1179 2859 1296 2948 ipsas·

237 3005 306 3076 que
325 2987 446 3057 ruinas
462 3005 503 3058 ac
519 2987 716 3076 priscorum
733 2986 921 3056 hominum
940 2984 1015 3056 solo
1032 2983 1208 3072 impressa
1223 2999 1300 3053 ves·

238 3111 321 3200 tigia
341 3109 448 3182 ducas
469 3111 540 3182 iere
561 3129 702 3200 semper
715 3110 903 3181 habemns.
