3490 5318
705 601 885 665 -123-

260 746 476 838 epigramma
501 743 546 816 ab
574 743 745 816 Athenaeo
773 743 923 815 relatum
944 743 1108 836 scripsit,
1134 753 1196 818 aut
1221 748 1251 817 si
1280 766 1322 819 aa

261 887 341 960 quae
360 869 550 960 scripserat
569 869 693 941 huicce
708 867 841 939 similia
860 868 1024 948 fuerunt,
1047 887 1133 941 sane
1152 871 1257 962 longe
1275 871 1321 944 ab

260 993 384 1065 Atticis
409 993 734 1082 alexandrinisque
755 992 931 1074 distabat,
958 993 1121 1082 quamvis
1140 993 1239 1068 faceti
1262 997 1319 1067 in·

123 1154 126 1158 ·
260 1117 353 1207 genii
374 1119 427 1189 vir
446 1135 490 1188 ex
515 1116 634 1208 lepido
658 1116 814 1206 quodam
838 1116 942 1208 dicto
957 1117 1054 1206 quod
1078 1116 1322 1202 Quintilianus

260 1241 410 1313 servarit
435 1248 603 1333 appareat
632 1236 696 1335 (1).
727 1240 798 1313 Sed
829 1240 967 1331 reliqua
991 1242 1068 1331 ejus
1097 1259 1171 1313 non
1204 1242 1323 1334 despi-

261 1365 387 1438 cienda
415 1374 513 1437 sunt.
544 1366 675 1437 Saltem
710 1365 741 1436 ei
770 1365 982 1437 concedetur
1013 1365 1110 1456 quod
1137 1385 1247 1457 prope
1279 1367 1323 1440 de

166 1513 170 1520 ·
262 1491 429 1563 omnihus
449 1489 651 1582 disciplinis
671 1509 752 1580 quae
772 1496 856 1561 tunc
881 1489 918 1560 in
944 1490 1079 1561 honore
1099 1497 1200 1562 erant
1219 1510 1261 1563 ex
1281 1493 1323 1562 li·

261 1617 336 1687 bris
364 1617 441 1706 ejus
464 1614 682 1686 bibliotheca
706 1613 834 1695 fiebat,
866 1614 1042 1704 tituloque
1067 1615 1128 1686 illo
1152 1617 1322 1688 Varronis
1386 1711 1391 1716 Ι

262 1739 416 1812 hirioani
445 1757 551 1828 quem
578 1738 778 1810 Muellerus
796 1757 859 1828 pcr
885 1739 1003 1826 jocum
1030 1746 1202 1812 memorat
1226 1741 1322 1812 haud

263 1862 371 1934 nimis
391 1861 560 1952 indignus
582 1863 660 1934 erit.
684 1864 864 1947 Quantum
891 1869 1064 1953 praetcrea
1089 1864 1204 1934 locum
1228 1865 1324 1955 apud

262 1986 384 2059 doctos
411 1988 623 2069 obtinuerit,
652 1986 725 2075 pam
759 1986 924 2076 probarat
956 1993 1092 2059 tanturn
1128 1987 1263 2079 ingenii
1290 1995 1325 2060 11

264 2111 434 2202 temporis
454 2118 489 2183 et
511 2111 682 2182 doctrinae
705 2129 726 2180 a
754 2109 905 2200 Didymo
928 2118 1050 2184 contra
1077 2131 1157 2184 eum
1185 2113 1325 2202 impen-

264 2252 344 2306 sum
370 2235 408 2306 in
433 2233 525 2306 libro
550 2253 656 2325 quem
685 2233 943 2324 conscripserat
968 2237 1040 2327 πρὸς
1073 2231 1175 2304 'rodco
1200 2233 1325 2316 ἀντεξη-

263 2363 398 2454 pioauv3
420 2361 456 2430 in
477 2377 548 2449 quo
568 2365 687 2430 tamen
708 2360 937 2448 grammatica
951 2360 1046 2449 ejus,
1068 2379 1140 2432 non
1156 2362 1326 2434 historica

264 2502 371 2575 opera
385 2484 564 2575 carpebat,
584 2491 738 2556 ceterum
758 2483 892 2573 ipsein
913 2485 1054 2575 scriptis
1075 2486 1150 2556 suis
1167 2488 1263 2557 varia
1283 2504 1326 2558 ex

264 2627 305 2681 eo
333 2614 515 2680 mutuatus
547 2605 611 2702 (1).
639 2607 740 2694 Quod
765 2608 796 2678 si
824 2609 901 2698 ejus
925 2609 1171 2682 tantummodo
1201 2610 1325 2683 laudes

265 2733 460 2824 antiquitas
491 2733 712 2815 tradidisset,
744 2751 807 2824 ego
839 2752 983 2823 quoque
1013 2733 1199 2806 confiterer
1231 2736 1326 2826 regio

265 2857 402 2929 nomini
427 2857 592 2929 tributas.
625 2856 695 2927 Sed
723 2863 885 2947 excerpta
913 2857 975 2927 illa
1002 2875 1323 2947 numerosaque,

266 2996 376 3071 quum
397 2981 458 3051 alii
482 2981 603 3070 pluras
624 2985 744 3050 essent
768 2978 812 3049 de
836 2979 963 3052 iisdem
985 2981 1092 3051 rebus
1112 2987 1324 3073 tractanteS‚

245 3105 310 3176 xab
330 3123 370 3176 eu
390 3105 617 3196 potissimum
638 3119 793 3192 sequens
814 3109 899 3174 aetas
919 3103 1087 3176 haustum
1108 3105 1188 3194 ivit,
1211 3111 1244 3176 et
1264 3123 1327 3176 no·

266 3247 348 3300 men
376 3229 469 3300 inter
498 3228 605 3298 Plinii
632 3235 667 3298 et
692 3227 846 3312 AEliani,
874 3228 1053 3298 Plutarchi
1080 3235 1114 3299 11
1140 3229 1325 3320 Athenaei,

267 3354 439 3444 Stephani
454 3353 653 3444 Byzantini,
668 3350 847 3442 Hesychii‚
866 3351 983 3423 Photii
999 3360 1032 3425 et
1048 3353 1326 3425 Scholiastarum

266 3479 382 3551 fontes
415 3478 547 3569 saepius
580 3484 679 3549 stans
713 3477 789 3546 loco
821 3476 1017 3560 eminenti,
1054 3477 1201 3550 minime
1231 3498 1327 3571 sper·

266 3603 385 3674 nenda
402 3603 512 3675 fuisse
534 3603 611 3693 ejus
631 3619 738 3693 opera
760 3600 991 3693 persuadent.
1013 3605 1055 3674 Et
1073 3603 1220 3674 omnino
1240 3604 1327 3674 mal·

266 3729 334 3799 lem
369 3747 433 3819 ego
467 3726 699 3818 scriptoribus
732 3725 859 3797 Jubam
893 3725 1124 3799 laudantibus
1160 3727 1246 3799 dum
1286 3745 1327 3799 eo

267 3858 416 3924 utuntur
436 3859 471 3924 et
488 3853 624 3942 integra
647 3852 724 3941 ejus
745 3838 927 3921 volumina
945 3857 1028 3921 ante
1052 3851 1173 3921 oculos
1193 3849 1329 3921 hahent

245 4015 249 4024 ·
268 3975 424 4071 credere,
445 3994 553 4066 quam
570 3993 652 4047 eum
672 3975 750 4065 ipse
771 3974 948 4048 aestimare
967 3969 1011 4045 en
1028 3975 1152 4065 paucis
1173 3974 1327 4047 raritatis

302 4285 333 4348 (l)
351 4284 452 4346 01111,
466 4281 514 4344 Vl,
529 4283 552 4344 3,
564 4281 603 4334 90.

300 4373 332 4437 (1)
352 4373 414 4424 Vid.
430 4389 471 4438 ap.
488 4372 521 4423 H.
537 4371 669 4433 Pelorum,
688 4373 762 4422 [leber
779 4374 828 4424 deo
847 4371 949 4432 werthe,
966 4375 1026 4430 ete,
1042 4385 1067 4432 p.
1081 4368 1096 4418 2
1111 4373 1137 4418 et
1150 4368 1174 4418 8.
