3490 5318
882 562 1060 624 -122—

437 705 537 778 llusa
555 702 699 775 tenebat
719 702 756 772 iu
777 699 945 773 curandis
971 699 1179 789 corporibus
1199 701 1372 774 rationem
1396 721 1494 776 secu·

438 834 512 899 tum
536 851 544 896 :
565 825 674 898 iidem
695 824 841 904 iratres,
863 823 914 894 ait
934 823 1094 906 Plinius,
1114 823 1302 896 instituere
1321 845 1342 896 a
1360 825 1497 900 balneis

436 949 564 1041 lrlgida
582 950 694 1020 multa
714 963 861 1038 corpora
879 946 1112 1037 adstringere.

486 1076 535 1146 lle
548 1073 649 1146 lubae
664 1091 810 1165 operum
831 1072 967 1143 meritis
983 1089 1056 1142 non
1072 1072 1201 1162 plenus
1218 1090 1416 1145 consensus
1430 1083 1494 1156 est,

437 1215 555 1288 neque
581 1197 675 1269 idem
703 1197 747 1269 de
774 1197 819 1268 iis
847 1196 1030 1267 censuisse
1054 1203 1188 1268 veteres
1215 1199 1498 1288 recentioresque

436 1322 615 1395 ridentur.
644 1321 793 1394 Romani
820 1339 925 1412 eum,
947 1327 1036 1392 teste
1061 1321 1176 1391 Plinio
1200 1317 1273 1413 (h),
1299 1323 1497 1394 studiorum

437 1447 595 1520 claritate
622 1447 943 1519 memorabiliorem
974 1445 1080 1517 etiem
1115 1465 1223 1536 quam
1250 1465 1358 1536 regno
1386 1448 1496 1520 hehe·

437 1571 545 1654 hant;
563 1578 598 1643 et
613 1571 745 1652 Graeci,
762 1589 808 1642 ne
822 1577 980 1661 repetam
996 1571 1069 1660 jam
1087 1554 1192 1642 citata
1206 1570 1283 1641 loca
1299 1571 1496 1655 Plutarchi,

437 1691 531 1790 ἄνδρα
547 1698 817 1788 πολυμαθέστατον
834 1693 995 1766 Athenaei
1011 1712 1093 1765 voce
1108 1694 1284 1778 salutant;
1304 1695 1499 1786 laudesque

436 1820 480 1893 de
495 1838 536 1892 co
555 1820 730 1891 maximas
743 1819 840 1909 apud
855 1837 981 1890 omnes
996 1818 1170 1890 invenies.
1189 1820 1240 1890 lta
1256 1826 1295 1890 ut
1310 1819 1497 1910 Didymus,

436 1946 495 2034 qui
522 1950 645 2017 contra
664 1962 745 2015 eum
771 1944 885 2014 multa
905 1942 1095 2033 scripserat
1115 1950 1149 2013 et
1168 1942 1259 2014 nulli
1280 1960 1323 2015 ex
1345 1944 1422 2033 eJus
1442 1962 1498 2026 er,-

437 2068 580 2140 rorihus
609 2067 829 2158 perpercisse
857 2065 1093 2160 gloriabatur.
1128 2065 1232 2155 quasi
1262 2067 1380 2138 Zoilus
1414 2068 1501 2139 alter

435 2202 634 2276 teneretur,
660 2201 695 2265 et
719 2193 826 2265 etiam
846 2213 867 2265 a
890 2191 1001 2264 Suida
1020 2195 1219 2285 χαλκέντιρος
1239 2191 1355 2264 dictus
1381 2193 1498 2266 inerit.

439 2318 685 2390 Recentiorum
710 2324 828 2389 autem
854 2316 1060 2408 opinionem
1080 2316 1201 2406 potius
1228 2317 1428 2407 exprimere
1452 2317 1501 2388 ri·

438 2442 540 2515 detur
565 2442 603 2512 C.
628 2441 838 2523 Muellerus,
866 2441 929 2530 qui
953 2441 1032 2511 ita:
1065 2439 1223 2512 «Fidem
1251 2440 1352 2531 ejus,
1374 2441 1446 2523 ait,
1469 2448 1504 2514 et

436 2566 680 2639 auctoritatem
701 2566 738 2636 in
760 2566 883 2636 multis
899 2564 1120 2656 impugnavit
1135 2564 1355 2666 Didymus..
1374 2567 1502 2638 Parum

437 2691 506 2763 hoc
534 2708 591 2762 me
619 2697 800 2784 moveret,
830 2691 901 2761 nisi
928 2688 1112 2761 latendum
1143 2695 1238 2761 esset
1263 2689 1355 2762 nihil
1383 2689 1502 2762 mein

438 2814 601 2907 reliquiis
617 2814 898 2906 deprehendisse
911 2813 1008 2904 quod
1023 2814 1137 2885 virum
1150 2813 1278 2904 prodat
1288 2833 1368 2887 cum
1384 2815 1503 2887 multi-

438 2939 541 3030 plicis
560 2937 773 3011 eruditionis
793 2937 895 3029 copia
910 2938 1119 3029 pungentem
1142 2938 1249 3011 etiam
1272 2956 1422 3012 acumen
1442 2939 1500 3010 in-

439 3062 533 3154 genii
554 3070 589 3135 et
609 3063 852 3145 severitatcm;
875 3068 998 3134 contra
1016 3061 1139 3134 nimiae
1158 3069 1192 3134 et
1211 3062 1319 3133 anilis
1339 3062 1411 3135 iere
1430 3081 1504 3135 cre-

440 3187 600 3260 dulitatis
624 3186 771 3279 vestigia
795 3194 849 3259 sat
872 3186 1073 3277 frequentia
1099 3186 1359 3277 deprehendes.
1387 3188 1504 3273 Quum

441 3313 490 3384 ita
510 3329 565 3383 res
584 3330 622 3383 se
639 3311 809 3395 habeant,
826 3314 948 3383 nescio
963 3330 1118 3402 quanam
1141 3330 1177 3383 re
1194 3311 1267 3383 nisi
1283 3312 1369 3403 regii
1390 3314 1504 3383 norni-

440 3435 498 3508 nis
517 3435 698 3528 praestigio
713 3434 804 3506 luha
824 3436 917 3507 inter
931 3435 996 3507 aevi
1015 3436 1071 3507 sui
1087 3434 1325 3527 polyhistores
1346 3436 1505 3509 eminue-

375 3556 379 3561 ’
441 3561 529 3633 rit.»
547 3561 634 3632 Cum
652 3559 804 3651 Didymo
820 3560 928 3650 igitur
943 3567 1037 3633 stare
1052 3561 1260 3633 Muellerum
1277 3560 1506 3632 manifestum

393 3667 395 3672 ’
441 3692 507 3758 est.
531 3687 602 3776 Ego
622 3691 754 3767 autem,
772 3684 970 3775 fragmenta
983 3684 1182 3775 perlegens,
1200 3685 1320 3755 nescio
1336 3702 1421 3755 num
1441 3685 1507 3756 ali-

442 3816 576 3900 quanto
597 3810 754 3902 severius
770 3808 968 3899 iudicatum
987 3815 1121 3899 putem.

492 3933 594 4018 Quod
613 3933 658 4006 ad
677 3933 815 4024 poesim
834 3934 975 4025 attinet,
994 3933 1024 4004 si
1044 3932 1135 4004 luha
1155 3933 1248 4005 nihil
1265 3932 1364 4005 aliud
1378 3940 1511 4024 praeter.

359 4266 362 4274 .
476 4241 507 4304 (l)
526 4239 587 4290 Vid.
599 4241 633 4290 ad
645 4240 738 4305 fragm.
751 4239 795 4296 273
806 4244 833 4290 et
845 4241 880 4292 el.
894 4238 977 4301 Suet,
993 4241 1055 4301 Oct,
1069 4239 1108 4302 59,
1122 4240 1161 4292 81.

474 4329 508 4393 (e)
525 4329 605 4392 rou,
621 4331 651 4380 u.
667 4332 709 4391 rc,
724 4328 759 4389 v,
776 4328 797 4379 1.
