3498 5324
719 533 879 593 ...61-

267 668 378 740 iuisse
409 664 474 761 (ii.
501 668 675 741 Praeterea
699 669 828 741 iubam
848 668 941 740 clare
961 668 1176 741 denuntiant
1199 670 1329 742 artium

267 791 336 863 aiia
363 798 613 875 monumenta,
636 798 772 864 statuas
797 792 896 876 dico,
919 810 1010 883 quas
1034 793 1165 866 multas
1190 801 1225 866 et
1246 795 1328 887 pui-

267 917 368 990 chras
389 915 550 989 Caesarea
567 893 734 1007 praebuit.

315 1041 470 1133 Apparet
489 1041 585 1113 enim
603 1061 646 1115 er
666 1043 717 1114 eis
738 1060 819 1132 qnae
838 1042 876 1114 in
895 1044 1045 1116 thermis
1065 1051 1100 1117 at
1118 1045 1200 1117 aliis
1219 1045 1328 1130 locis,

268 1166 332 1239 sed
361 1165 540 1258 praecipua
569 1167 607 1237 in
635 1168 742 1258 Regia
765 1186 847 1257 quaa
872 1167 1020 1252 dicitur,
1050 1176 1198 1259 repertae
1222 1176 1329 1256 sunt,

267 1291 536 1364 notissimarum
564 1293 603 1363 in
630 1293 693 1364 ilio
720 1300 879 1383 tempore
907 1300 1103 1365 statuarum
1138 1295 1331 1367 muitarum

267 1416 485 1508 exemplaria
501 1417 628 1488 aiuba
646 1417 791 1490 coiiecta
807 1416 932 1490 fuisse.
946 1418 1117 1503 Quaedam
1126 1418 1245 1490 adhuc
1259 1421 1332 1492 ico·

268 1539 326 1622 sii,
350 1540 515 1624 Parisiis,
537 1548 600 1613 aut
618 1541 790 1613 Caesareae
810 1548 1016 1625 servantum
1038 1542 1118 1615 aiiae
1137 1549 1199 1615 aut
1218 1548 1333 1635 ruptae

267 1665 435 1748 inventae,
451 1671 514 1738 aut
533 1673 657 1756 postea
671 1665 790 1738 tractae
804 1672 839 1738 et
858 1671 964 1739 coctae
983 1666 1022 1736 in
1039 1667 1168 1738 calcem
1187 1667 1333 1739 commi·

269 1793 406 1860 nutaeve
433 1789 478 1860 ad
500 1808 623 1862 muros
647 1789 828 1862 iaciendos
855 1789 1043 1873 interiere;
1075 1791 1213 1881 aliquot
1235 1790 1332 1863 fraus

268 1920 367 1985 extra
383 1913 559 2005 Aigeriam
579 1915 690 1986 misit.
718 1916 781 1986 Est
800 1921 920 1987 umen
940 1914 1112 1987 Caesareae
1133 1931 1331 1997 musaeum,

269 2037 540 2121 sedentium,
560 2046 595 2112 et
613 2059 676 2130 per
696 2040 822 2131 longos
842 2057 957 2111 annos
979 2039 1197 2112 incuriosius
1217 2044 1333 2112 custo·

268 2161 402 2244 ditum,
425 2181 611 2254 nunquam
631 2164 718 2235 satis
738 2165 917 2236 munitum
939 2187 948 2235 ε
971 2181 1014 2236 ex
1034 2182 1105 2254 quo
1125 2168 1160 2236 et
1183 2162 1335 2236 exurite

268 2287 421 2369 nummi,
435 2287 766 2379 tituli,iragmenta‚
777 2288 920 2379 aliaque
930 2289 1034 2378 plura
1047 2306 1163 2379 usque
1173 2289 1211 2358 in
1221 2305 1336 2360 remo·

268 2410 426 2483 tissimas
446 2413 597 2502 Europae
616 2413 779 2504 regiones
799 2413 921 2483 nascio
944 2430 1015 2503 quo
1036 2411 1142 2483 modo
1163 2411 1336 2503 migrasse

268 2535 448 2608 dicuntur.
471 2537 613 2620 Fuisse,
633 2537 695 2628 qui
714 2545 801 2608 tunc
819 2544 970 2628 praeerat
985 2537 1155 2627 jubante,
1174 2537 1335 2628 plaustro

268 2660 472 2752 impositam
493 2680 566 2734 una
588 2680 667 2733 cum
690 2662 855 2752 congerie
877 2662 1029 2733 aliorum
1053 2661 1214 2750 ejusdem
1230 2679 1335 2752 gene·

269 2783 317 2856 ris
341 2802 559 2859 marmorum
579 2786 752 2858 Venerem
777 2786 877 2857 iiiam
903 2785 1028 2857 dicunt
1052 2804 1133 2876 quaa
1157 2785 1334 2858 icositano

268 2927 403 2980 musac
421 2910 618 2981 maximum
638 2909 746 2982 decus
770 2917 805 2982 et
824 2917 1075 2982 ornamentum
1094 2918 1166 2993 est,
1188 2916 1240 2992 et,
1262 2908 1335 2981 nisi

267 3033 476 3106 intercessio
491 3033 618 3106 iuisset
633 3033 779 3106 iortuita
789 3034 952 3126 generosi
967 3033 1140 3116 hominis,
1161 3051 1241 3105 cum
1257 3031 1338 3104 hra-¹

269 3159 359 3232 chiis
378 3166 413 3233 et
432 3161 546 3252 capita
569 3158 663 3253 (quae
686 3160 787 3250 prius
807 3160 884 3231 visa
906 3176 986 3231 esse
1006 3159 1127 3241 aiunt,
1152 3157 1216 3230 sed
1242 3159 1336 3230 inter
1401 3198 1404 3202 -

301 3495 335 3560 (i)
355 3493 394 3544 Ex
417 3497 476 3558 ejus
497 3495 614 3545 nummis
632 3499 746 3558 quatuor
766 3507 797 3544 eo
814 3497 941 3557 regnante
960 3491 1079 3544 dedicata
1099 3506 1173 3544 sacra
1188 3493 1311 3543 novimus
1329 3504 1335 3538 a

270 3581 347 3634 Isidis
362 3585 452 3633 lucum
466 3598 527 3634 cum
543 3599 602 3645 ara,
619 3585 652 3634 dc
666 3598 717 3646 quo
731 3583 763 3633 ad
778 3597 837 3646 cap.
853 3581 891 3631 VI
907 3582 1024 3641 dicetur;
1040 3583 1155 3646 Augusti
1170 3583 1260 3630 iucum
1276 3595 1336 3630 cum

270 3685 330 3734 ara;
347 3671 462 3734 Augusti
482 3674 626 3736 tempium,
643 3672 713 3735 qnod
734 3671 919 3732 hexastyinm‚
937 3673 1025 3720 forsan
1045 3671 1176 3725 ionicum.
1191 3669 1334 3730 effingitur,

270 3762 488 3824 equitaexpansis
497 3761 546 3811 alis
560 3762 589 3810 in
598 3761 811 3824 aetomateposita
822 3782 827 3816 ;
840 3758 1147 3819 tsta1·tissacrum,qnoi
1161 3756 1336 3806 videturaedi·

271 3851 361 3899 culum
373 3865 434 3901 cum
443 3856 565 3900 aetomate
579 3851 828 3908 acroteriisornato‚
845 3847 921 3907 cujus
932 3848 1036 3910 fastigio
1052 3846 1113 3895 iuna
1122 3858 1244 3896 crescens
1253 3845 1337 3909 impo-

271 3940 320 3989 sita
334 3945 388 3996 est;
401 3943 485 4004 porta,
499 3951 559 4002 quae
572 3941 661 3990 clausa
675 3943 724 4001 est,
733 3939 862 3989 clathrata
874 3941 983 4002 apparet
1003 3937 1031 3984 in
1050 3950 1111 3986 eum
1124 3935 1215 3998 utique
1229 3934 1337 3984 modum

271 4041 322 4091 quo
335 4029 458 4078 fenestrae
469 4029 523 4079 iilae
536 4030 627 4092 punici
639 4029 744 4092 generis
756 4041 815 4091 qnoe
829 4028 921 4076 multis
935 4027 963 4075 in
978 4027 1051 4088 iocis,
1067 4025 1113 4076 sed
1131 4024 1246 4073 maxime
1257 4021 1335 4085 Tipa-

271 4129 317 4178 sae,
333 4119 360 4166 in
374 4116 537 4167 Mauretania
552 4117 736 4177 inveniuntur;
750 4116 854 4178 ipsique
868 4113 989 4174 aedificic,
1004 4113 1080 4176 cujus
1095 4113 1179 4162 forma
1193 4110 1282 4160 sacelli
1298 4112 1338 4158 est

272 4206 403 4270 crepidini
417 4205 656 4268 impositi,adstant
669 4204 723 4253 duo
736 4205 809 4268 cippi
818 4197 866 4253 'vel
881 4202 1038 4257 columeiiae.
1051 4201 1097 4250 sed
1108 4214 1171 4250 vasa
1180 4199 1338 4262 quoqueaut

227 4289 229 4296 '
273 4307 327 4344 erae
341 4307 431 4358 parvae
444 4307 502 4344 esse
516 4298 636 4358 possunt.
650 4303 710 4355 quae
721 4305 774 4342 non
789 4295 892 4342 tantum
906 4294 971 4341 bene
982 4295 1135 4340 cernuntur.
