3490 5318
870 552 1051 614 -116-

423 708 513 780 opus
533 690 729 762 oouieotum
750 691 874 773 tuisse,
896 692 945 762 ita
964 698 1003 762 ut
1021 692 1113 762 tuba
1132 690 1226 761 bello
1250 689 1402 762 durante
1423 709 1485 780 pu-

422 814 524 887 biioae
540 816 613 904 jam
636 815 784 886 rationis
803 815 934 886 iactum
954 813 1125 886 adbibere
1144 813 1311 904 potuerit.

471 936 539 1009 Sed
567 939 728 1010 omnium
756 939 1070 1029 geographieorum
1096 939 1188 1030 regis
1214 937 1314 1011 iubae
1340 957 1487 1029 operum

421 1062 488 1134 boo
507 1063 660 1134 maxime
679 1063 785 1133 nobis
803 1063 997 1153 pretiosum
1019 1061 1108 1134 foret
1128 1062 1225 1152 quod
1240 1061 1284 1130 da
1302 1060 1418 1154 Libya
1437 1061 1483 1157 (i)

421 1186 623 1277 scripserat.
637 1186 739 1272 Quod
748 1187 843 1258 enim
858 1185 903 1258 ad
916 1186 1210 1277 eborograpbiam
1225 1187 1392 1276 pertinet,
1409 1187 1488 1277 ipse

420 1311 533 1382 multa
557 1330 578 1381 a
597 1330 635 1383 se
657 1312 839 1403 explorata
862 1318 896 1383 et
919 1310 1086 1401 indagato
1110 1310 1303 1392 referebat,
1325 1317 1359 1382 et
1382 1310 1486 1400 quid·

419 1434 507 1524 quid
522 1436 567 1506 ab
583 1435 663 1506 aliis
678 1435 884 1507 tradebatur
899 1434 1085 1524 eollegerat
1103 1459 1110 1505 :
1131 1453 1248 1525 neque
1264 1435 1333 1507 alia
1348 1423 1485 1525 'jamma

409 1548 531 1649 'magis
550 1558 769 1649 deploranda
788 1557 940 1630 videtur.
965 1559 1067 1644 Quod
1088 1559 1133 1631 ad
1152 1558 1357 1642 historiam,
1379 1559 1484 1650 puni·

418 1682 468 1754 eis
488 1683 647 1755 fontibus
667 1685 848 1773 attigerat,
871 1685 964 1754 iuter
983 1703 1074 1774 quos
1096 1685 1133 1753 in
1154 1684 1280 1775 primis
1301 1690 1401 1755 erant
1421 1684 1483 1754 Pe-

417 1809 531 1898 riplus
563 1807 750 1879 Hannonis
783 1814 818 1878 et
847 1807 901 1878 ari
933 1808 1036 1899 Regis
1070 1807 1255 1898 iempsaiis
1289 1807 1372 1879 iibri
1405 1804 1479 1901 (2);

417 1950 602 2022 quumque
620 1930 728 2003 hodie
752 1932 874 2003 nuilus
902 1939 1015 2004 exstet
1039 1933 1077 2003 in
1101 1932 1167 2003 bae
1186 1933 1308 2023 lingua
1328 1933 1481 2022 scriptus

414 2056 525 2138 iiber,
549 2073 591 2126 ea
615 2054 762 2125 maximi
782 2055 885 2145 pretii
905 2054 1021 2127 forent
1041 2074 1121 2146 quae
1142 2056 1233 2126 Juba
1253 2055 1338 2126 inde
1357 2072 1479 2145 sump-

415 2186 521 2252 serat.
557 2179 628 2251 Sed
659 2179 875 2271 paueissima
901 2179 1098 2271 fragmenta
1130 2186 1357 2262 exstantes
1387 2177 1479 2250 libro

411 2304 564 2374 maxime
583 2305 648 2384 lii,
671 2302 743 2373 nisi
766 2302 886 2374 forsan
909 2304 960 2374 eis
983 2303 1149 2374 addenda
1164 2311 1249 2376 sunt
1269 2305 1415 2396 vestigia
1434 2323 1477 2375 ex

409 2447 514 2519 opere
537 2425 592 2497 De
613 2424 826 2518 Euphorbo
852 2427 959 2497 barbo
985 2425 1056 2521 (3),
1084 2428 1182 2518 quod
1202 2422 1355 2514 βιὸλίδιον
1376 2436 1476 2501 vocat

408 2555 563 2624 Galenus
596 2559 630 2624 et
663 2552 748 2624 varii
782 2560 943 2624 auotores
977 2554 1098 2625 citant.
1129 2551 1293 2625 Creditur
1326 2546 1422 2625 eni'm
1455 2573 1476 2625 a

397 2678 529 2750 -muitis
550 2677 731 2768 appendix
756 2676 921 2767 quaedam
941 2677 1052 2748 tuisse
1071 2677 1117 2748 ad
1136 2677 1248 2749 libros
1269 2675 1323 2746 De
1340 2674 1470 2768 Libya,
1549 2725 1555 2738 .

405 2802 573 2892 idemque
598 2801 642 2874 de
670 2803 754 2895 nupt
778 2808 865 2868 ὀποῦ
891 2801 1014 2874 libello
1041 2808 1277 2884 censuerunt,
1305 2803 1409 2892 quasi
1438 2809 1473 2874 et

405 2928 483 3019 ipse
506 2926 686 3017 appendix
712 2925 758 2998 ad
779 2925 878 2997 aliud
897 2925 1077 3016 quoddam
1107 2944 1197 3017 opus
1217 2925 1356 2997 fuisset.
1387 2926 1474 2998 Mihi

404 3052 549 3142 quidem
566 3051 652 3123 satis
671 3051 810 3123 insulsa
830 3051 1007 3122 sententia
1024 3069 1065 3120 ea
1079 3049 1231 3133 videtur,
1250 3051 1472 3140 omninoque

387 3176 494 3246 nibii
513 3176 631 3248 obstat
653 3176 742 3265 quin
756 3175 860 3258 iuba,
879 3174 939 3264 qui
958 3175 1071 3246 muita
1088 3173 1132 3246 de
1148 3174 1299 3246 historia
1315 3174 1469 3245 naturali

403 3300 565 3390 scripsit,
588 3301 729 3389 singula
756 3299 928 3389 opuscula
947 3300 1030 3391 Περὶ
1060 3304 1151 3365 ὀποῦ
1177 3305 1210 3369 et
1230 3299 1316 3391 napi
1345 3303 1472 3392 utpop

402 3420 481 3500 tto<
498 3422 629 3494 feeerit.
650 3422 780 3492 Contra
796 3440 839 3492 ex
852 3421 992 3512 Libyeis
1006 3420 1199 3503 eraderem,
1213 3429 1251 3492 ut
1263 3421 1337 3511 jam
1349 3421 1470 3511 piures

400 3553 562 3618 auetoros
582 3547 820 3636 conjecerunt,
839 3545 960 3616 omnia
977 3563 1019 3616 ea
1034 3545 1154 3616 venire
1169 3563 1250 3635 quae
1267 3544 1405 3615 Plinius
1425 3544 1469 3616 de

400 3670 599 3760 elephantis
615 3688 636 3740 a
654 3670 745 3741 Juba
764 3670 943 3760 aeeepisse
961 3669 1022 3752 ait,
1047 3669 1085 3738 in
1105 3667 1237 3758 quibus
1259 3685 1377 3739 rerum
1397 3674 1468 3739 tes-

398 3800 468 3866 tem
490 3794 623 3884 saepius
642 3812 704 3865 rex
723 3811 761 3864 se
781 3792 967 3883 profitetur
983 3789 1033 3882 (4)
1051 3815 1059 3874 ;
1076 3791 1140 3864 sed
1160 3791 1266 3863 etiam
1287 3790 1468 3883 ePbysio

429 4051 458 4114 (Ι)
478 4045 581 4115 Frngm.
598 4048 676 4104 2338.

426 4143 458 4202 (Ἴ)
479 4140 540 4191 Viri.
556 4142 587 4190 ad
604 4143 697 4204 fragm.
712 4143 752 4191 29.

427 4232 459 4292 (3)
480 4217 540 4280 Vid,
556 4231 587 4278 ad
608 4232 701 4292 fragm.
717 4231 757 4279 ii.

425 4322 457 4384 (i)
475 4319 579 4381 Fragm.
596 4319 686 4369 30-38.
