3498 5324
713 555 875 622 -15-

259 706 355 776 lerus
382 701 429 772 ad
458 701 526 770 hoe
554 716 675 788 regum
704 697 891 787 collegium
921 697 1062 775 retulit.
1090 717 1219 789 nempe
1246 697 1328 790 plus

260 846 367 919 quarn
388 823 488 898 dubii
510 829 595 894 sunt
615 820 679 915 (Ι).
699 821 820 892 Nihilo
838 826 958 893 tamen
975 822 1094 894 minus
1110 824 1330 896 Mastanabal

257 952 380 1030 nobis,
405 950 487 1022 lieet
513 964 574 1018 rer
599 965 672 1018 non
698 946 824 1027 luerit,
848 947 884 1016 in
911 947 1012 1018 lubae
1037 965 1247 1037 proavorum
1269 969 1326 1020 or·

260 1076 395 1157 dinem,
415 1073 584 1146 Sallustio
608 1071 719 1142 Dione
738 1070 957 1151 auctoribus,
976 1090 1041 1141 suo
1062 1071 1138 1143 loeo
1154 1091 1331 1165 reponen-

262 1201 352 1284 dus;
371 1218 437 1272 neo
455 1199 583 1270 Julram
598 1216 619 1268 a
638 1197 836 1269 Masinissae
857 1197 1065 1286 pronepotis
1080 1197 1156 1269 filio
1172 1200 1331 1290 genitum

263 1327 455 1416 quisquam
475 1324 542 1396 erit
561 1323 623 1414 qui
644 1321 782 1393 dubitet
801 1317 851 1414 (i)
868 1344 876 1404 ;
895 1327 929 1392 et
950 1340 1030 1393 eum
1047 1323 1248 1395 Masinissae
1265 1323 1329 1396 ad·

263 1457 428 1541 nepotem
450 1448 543 1522 tituli
564 1447 727 1519 eonditor
742 1446 962 1536 scripsisset,
980 1446 1044 1518 sed
1063 1447 1224 1519 nondum
1245 1455 1332 1519 teru-

263 1574 412 1666 porihus
432 1573 504 1644 illis
523 1573 630 1644 verino
650 1570 831 1662 adnepotis
854 1571 1047 1643 utebantur
1066 1570 1134 1664 (3).

313 1699 423 1770 Nemo
447 1696 561 1770 neseit
584 1695 810 1770 Masinissam
836 1713 854 1766 e
880 1713 1009 1786 genero
1036 1697 1131 1788 regio
1164 1699 1334 1790 Massylo·

265 1839 366 1905 rum,
388 1822 425 1894 id
453 1828 507 1894 est
532 1819 765 1893 Numidarum
798 1821 1056 1903 Orientalium,
1086 1829 1204 1894 ortum
1231 1841 1331 1906 esse,

265 1965 461 2037 eorumque
483 1945 545 2017 diu
567 1946 758 2016 obscurum
784 1952 819 2017 at
839 1946 935 2016 intra
955 1945 1114 2018 modicos
1134 1944 1225 2018 sines
1246 1966 1331 2020 uon·

266 2074 404 2146 elusum
432 2089 581 2161 regnum
607 2071 645 2140 in
670 2071 887 2142 immensum
917 2076 951 2142 et
977 2070 1191 2162 praepollens
1219 2073 1333 2163 impe·

265 2198 358 2270 rium
374 2197 558 2268 dilatasse.
574 2196 678 2266 Genti
694 2195 799 2287 regiae
814 2196 920 2286 longa
935 2195 1106 2268 nobilitas
1122 2204 1156 2267 et
1172 2203 1211 2267 ut
1225 2197 1336 2270 fertur

266 2321 388 2395 divina
402 2321 519 2412 origo;
535 2337 653 2410 neque
667 2327 856 2410 postquam
873 2319 1106 2392 excultiorum
1119 2322 1334 2410 populorum

266 2454 360 2520 artes
389 2445 519 2537 linguae
548 2445 738 2534 religiones
767 2443 861 2535 apud
891 2462 967 2516 eam
993 2443 1202 2535 ingratiam
1234 2463 1336 2518 rene-

267 2577 368 2652 runt,
390 2568 502 2642 deluit
522 2569 584 2658 qui
607 2567 700 2639 diota
720 2574 877 2640 veterum
899 2567 1029 2638 fabulis
1051 2568 1180 2640 Graecis
1200 2587 1335 2642 aueum·

268 2695 441 2768 moderat.
459 2693 621 2765 Heroulis
636 2693 744 2784 igitur
758 2692 874 2763 silium
890 2700 1074 2783 parentem
1094 2693 1205 2768 luisse
1221 2695 1337 2786 gentis

266 2819 361 2892 inter
378 2837 503 2892 omnes
523 2816 700 2890 convenit.
720 2817 850 2889 Aderat
865 2818 982 2888 lolaiis
1001 2817 1120 2900 heros,
1140 2819 1234 2909 Tyrii
1252 2819 1337 2892 Mel·

268 2945 406 3016 kartlris
427 2944 501 3015 sire
519 2941 616 3013 iilius
637 2942 711 3014 sive
731 2960 862 3023 eomes,
882 2942 944 3032 qui
964 2949 1064 3032 pater
1081 2943 1332 3026 Numidarum,

269 3068 389 3141 neseio
420 3086 491 3157 qua
514 3067 725 3156 puniearum
753 3084 832 3136 oum
857 3065 1005 3137 vetustis
1032 3067 1123 3156 vulgi
1155 3068 1337 3140 memoriis

269 3190 470 3263 fabularum
492 3190 756 3280 eonjunotione,
778 3191 980 3280 antiquitus
1000 3190 1179 3263 ferebatur
1197 3190 1262 3286 (l),
1283 3211 1339 3267 oo·

302 3444 337 3506 (l)
352 3443 381 3492 P.
405 3441 485 3493 teil.
503 3440 624 3506 Exempli
640 3443 733 3506 gratia,
755 3443 865 3492 minime
880 3443 963 3506 liquot
979 3458 1049 3494 num.
1072 3444 1114 3506 te,
1131 3445 1177 3508 20,
1194 3445 1237 3504 23.
1251 3448 1340 3500 divor-

273 3547 363 3583 sorum
378 3533 515 3582 hominurn
533 3533 600 3580 serre
614 3533 740 3596 effigiem
754 3533 816 3580 milri
833 3535 921 3596 potius
933 3534 1024 3584 eadem
1037 3551 1096 3586 esse
1106 3537 1218 3598 videtur,
1234 3539 1340 3588 eadem-

273 3637 333 3686 que,
348 3623 394 3672 sed
411 3625 498 3686 pejore
512 3635 590 3671 manu
604 3622 723 3684 repetita,
735 3621 762 3670 iu
776 3622 858 3672 aeneis
869 3624 986 3674 nummis
1000 3623 1033 3674 ad
1048 3641 1106 3688 pag.
1125 3625 1161 3675 19.
1175 3625 1241 3678 Tota
1253 3635 1340 3678 autem

273 3708 408 3761 Numidici
425 3712 497 3776 regni
514 3725 560 3775 per
575 3712 625 3761 hoc
646 3717 749 3773 tempus
764 3711 950 3763 numismatica
963 3714 1063 3764 incerta
1082 3719 1141 3774 est,
1161 3716 1249 3766 forsan
1266 3717 1341 3768 inex·

275 3801 412 3850 tricobilis.

307 3889 340 3950 (i)
353 3887 426 3950 Sall,
440 3893 508 3952 Jeep,
525 3891 569 3946 652
588 3889 636 3939 Dio
648 3888 728 3952 Cass,
743 3890 784 3940 ed.
800 3889 910 3952 Bekker,
929 3893 1022 3954 fragm.
1034 3892 1058 3955 9,
1072 3891 1094 3942 i.
1112 3891 1174 3944 Vid.
1193 3895 1273 3946 etiarn
1288 3897 1339 3950 De·

275 3979 399 4041 frimam,
415 3981 505 4028 Journ.
531 3981 618 4039 osiot„
648 3979 715 4042 issM,
735 3993 785 4029 ser.
807 3991 843 4040 rr,
863 3980 897 4040 Il,
915 3997 940 4044 p.
957 3982 1011 4043 359,
1033 3982 1086 4045 ubi,
1103 3983 1152 4034 etsi
1168 3988 1235 4035 male
1251 3987 1343 4038 titulus

277 4068 416 4126 reseratur,
431 4071 502 4118 recle
518 4073 605 4118 tamen
620 4067 697 4118 Jubae
713 4069 839 4118 statuitur
853 4072 1015 4135 genealogia.
1083 4051 1086 4058 Ι

309 4155 341 4220 (3)
357 4155 418 4206 Vid.
436 4155 596 4218 Wilruanns,
613 4159 744 4222 Exemplo,
760 4158 801 4208 ad.
820 4172 845 4208 n.
861 4157 934 4210 2310.

307 4247 340 4310 (l)
358 4246 425 4307 Pol,
441 4245 500 4308 VII,
517 4246 648 4308 93Diod.,
666 4247 712 4309 tv,
728 4247 768 4304 2‘2,
783 4247 828 4304 293
842 4247 926 4307 Mitti..
942 4253 1029 4315 Nom„
1045 4255 1064 4302 t.
1079 4252 1127 4314 ΙΙΙ,
1142 4269 1167 4317 p.
1183 4254 1232 4314 253
1249 4253 1274 4304 Ι.
1291 4253 1348 4305 Ha-

277 4338 354 4399 lovy‚
371 4337 412 4386 rit.
426 4335 502 4395 berb..
515 4337 607 4386 Journ.
624 4337 711 4398 orion,
730 4335 803 4397 1874,
817 4351 866 4388 ser.
881 4351 935 4400 vn,
951 4344 969 4388 t.
988 4338 1039 4402 lv,
1055 4354 1082 4403 p.
1098 4341 1153 4392 395.
