3490 5318
695 545 889 608 -oa-.
967 495 972 505 ⁸

244 688 441 782 proiectus,
471 703 577 778 vagos
607 683 791 767 homines,
813 681 1002 775 praedones
1026 687 1062 753 et
1083 681 1310 780 omnigenam

244 821 384 907 gentem
420 810 634 903 colligebat,
671 826 871 899 rursusque
908 805 1127 898 provinciam
1163 805 1310 880 adortus

245 941 425 1012 cohortem
465 955 575 1009 unam
613 934 728 1008 occiso
768 933 934 1027 praelecto
967 933 1152 1024 profligat,
1190 932 1254 1005 sed
1291 953 1312 1006 a

246 1064 284 1135 L.
306 1062 463 1153 Apronio
483 1061 629 1153 pellitur
651 1083 659 1130 :
683 1061 784 1150 cujus
803 1065 923 1130 tamen
946 1058 1062 1130 iterati
1081 1057 1167 1130 belli
1185 1077 1311 1150 expers

245 1186 465 1259 Mauretania
485 1184 572 1269 luit,
595 1203 681 1256 ann.
705 1186 747 1255 Ι).
773 1185 896 1256 18-20.
915 1183 1092 1269 Quamdiu
1112 1183 1207 1255 enim
1221 1183 1313 1256 lube

245 1309 350 1396 vixit,
374 1312 412 1384 in
435 1329 521 1403 pace
545 1309 658 1382 Mauri
677 1315 908 1393 manserunt,
930 1327 1048 1400 neque
1069 1308 1115 1380 ad
1133 1309 1215 1381 illos
1235 1329 1314 1401 per-

247 1434 364 1508 tinent
384 1453 441 1508 ros
460 1453 481 1506 a
503 1436 614 1506 Blaeso
633 1432 872 1525 pulcherrime
889 1439 997 1524 gestae
1015 1450 1102 1504 ann.
1120 1435 1163 1506 D.
1181 1436 1311 1507 20-22.

247 1559 451 1630 Tacfarinas
472 1565 612 1640 autem,
635 1556 680 1629 ab
702 1576 743 1630 eo
768 1556 917 1629 omnino
937 1556 1095 1629 devictus
1115 1558 1315 1649 pulsusque

245 1682 284 1754 in
309 1684 451 1756 deserta
474 1691 509 1757 et
533 1684 639 1755 tratre
663 1683 768 1754 etiam
797 1682 952 1765 amisso,
976 1700 1067 1753 nora
1089 1680 1184 1754 bella
1208 1682 1312 1754 moli·

248 1806 367 1880 batur.
391 1809 463 1880 llex
487 1807 583 1879 enim
608 1808 881 1888 Garamantum,
904 1804 966 1896 qui
989 1811 1168 1896 receptare
1187 1806 1313 1897 ingen·

246 1935 315 2002 tem
344 1931 389 2003 ab
420 1949 461 2003 eo
489 1930 646 2022 praedam
678 1935 929 2011 consueverat,
962 1929 1129 2000 societate
1161 1928 1251 2001 iacta
1282 1929 1315 2001 ei

246 2073 415 2146 magnum
442 2054 624 2146 copiarum
649 2052 784 2126 levium
808 2072 999 2124 numerum
1023 2052 1182 2128 dederat.
1205 2056 1313 2126 Occa-

248 2178 383 2252 sionem
400 2178 556 2271 praebuit
575 2197 671 2250 mors
690 2177 805 2262 lubae,
829 2178 1019 2250 Ptolemaeo
1040 2175 1113 2249 filio
1129 2179 1250 2251 minus
1266 2177 1315 2251 ie·

247 2301 360 2376 liciter
380 2322 443 2394 per
462 2303 673 2375 libertorum
694 2302 920 2394 superbiam,
942 2303 1074 2395 quibus
1094 2285 1311 2376 incuriosius

248 2429 369 2500 omnia
398 2427 581 2519 permisit,
617 2445 766 2517 regnum
800 2427 960 2499 ineunte.
995 2428 1104 2518 Igitur
1134 2428 1310 2522 Numida,
1348 2487 1353 2494 .

247 2560 438 2644 postquam
467 2551 730 2624 Thubursicum
757 2550 888 2623 frustra
919 2569 1107 2642 aggressus
1136 2557 1190 2624 est
1220 2550 1309 2646 (Mu-

248 2677 420 2748 sulamios
439 2675 673 2748 rebellaturos
694 2674 866 2758 confisus,
885 2675 949 2747 sed
969 2695 1029 2748 eos
1050 2677 1233 2748 Dolabella
1247 2695 1311 2769 pro

248 2801 394 2873 consule
413 2806 547 2873 terrore
566 2805 671 2872 antea
686 2795 869 2892 coercuit),
884 2799 1066 2890 provincia
1078 2801 1207 2891 raptim
1222 2819 1312 2891 prae·

248 2923 366 2996 dando
390 2942 574 3015 egressus
596 2924 634 2995 in
656 2924 913 2997 Mauretaniam
934 2943 1015 3014 quae
1032 2929 1113 3015 post
1133 2924 1312 2997 Sitifensis

247 3048 314 3121 init
339 3056 373 3122 et
400 3048 630 3122 Caesariensis
660 3055 796 3141 partem
824 3048 996 3139 attignam
1020 3047 1156 3120 bellurn
1181 3047 1312 3122 inferre

248 3173 449 3258 constituit,
471 3182 506 3246 et
525 3174 711 3246 castellum
730 3173 875 3244 lluziam
897 3172 1051 3247 obsidet.
1072 3172 1196 3244 Vicina
1216 3172 1312 3246 enim

248 3299 421 3389 populum
448 3316 615 3390 asperum
635 3304 669 3369 et
685 3297 856 3368 adversus
879 3296 1001 3368 omnia
1020 3295 1170 3388 imperia
1190 3306 1313 3371 contu·

248 3440 384 3496 maoem
398 3421 562 3515 Kodylc'o
580 3421 703 3513 major
718 3439 858 3511 semper
877 3421 1038 3494 nutrivit.
1057 3422 1128 3494 Sed
1147 3422 1312 3496 vincendi

249 3545 479 3618 Tacfarinatis
499 3546 646 3618 modurn
670 3543 838 3636 praeclare
870 3551 1128 3620 monstraverat
1154 3548 1312 3636 illaesus,

250 3688 374 3744 omnes
387 3669 546 3762 fugiendi
559 3671 634 3742 vias
647 3687 711 3760 per
724 3668 841 3740 valida
854 3669 1131 3761 legionariorum
1146 3671 1315 3763 praesidia

250 3813 441 3886 occupans,
463 3794 642 3886 reliquum
660 3800 779 3866 autem
799 3793 992 3865 exercitum
1011 3794 1050 3865 in
1069 3795 1190 3885 plures
1210 3812 1315 3889 expe-

250 3918 344 3991 ditas
364 3911 493 3991 manus
513 3917 646 3989 additis
666 3917 846 4008 indigenis
867 3917 1050 4002 dividens,
1066 3937 1165 4010 quae,
1187 3920 1232 3991 ab
1252 3919 1315 3991 bo·

251 4044 411 4118 minibus
422 4044 581 4116 locorum
593 4039 713 4134 gnaris
732 4043 860 4128 ductae,
872 4061 945 4116 non
960 4045 1143 4134 quiescere
1156 4044 1315 4117 sinerent

283 4329 431 4406 decoctione
444 4331 554 4382 aomina
570 4345 577 4380 e
591 4325 740 4393 Khamissa,
756 4325 876 4383 Aumaie.
