3498 5324
886 536 1044 599 ...72-

434 678 594 770 eiusdem
614 681 754 770 generis
774 678 934 770 posuita
959 697 988 750 s.
1011 697 1047 769 p.
1070 697 1106 768 q.
1130 697 1160 749 r.
1182 685 1337 770 accepta.
1364 675 1434 750 Sed
1448 675 1500 749 'de'

433 803 491 875 his
509 803 703 896 disputatio
724 809 801 874 orta
819 809 890 889 est,
909 822 1019 894 quum
1041 802 1232 876 Muellerus
1253 803 1377 874 sellam
1395 820 1498 873 curu·

434 930 504 1001 lem
518 925 588 1022 Ι(Ι),
607 928 833 1017 (ΙᾶΙΘΙΙΟΙΙΙΙΙΒΙ
850 923 953 1022 δίφρον
974 929 1182 1021 ἐλεφάντινον,
1201 926 1372 1010 dixerint,
1389 933 1425 998 et
1440 927 1500 998 hio

434 1059 495 1125 ant
515 1053 610 1144 regia
630 1055 773 1136 omnia,
802 1061 864 1126 ant
887 1053 1056 1126 militaria
1075 1054 1193 1143 dona,
1227 1061 1289 1126 aut
1319 1052 1498 1125 minorum

436 1179 708 1269 magistratuum
734 1186 944 1252 ornamenta
966 1197 1045 1251 esse
1071 1178 1293 1251 contenderit
1318 1173 1383 1270 (il.
1412 1175 1499 1249 Mihi

434 1309 553 1375 autem
574 1304 806 1394 triumphalia
830 1323 926 1386 esse,
949 1323 992 1377 ex
1016 1304 1074 1376 his
1100 1322 1182 1394 quae
1204 1302 1282 1393 ipse
1307 1302 1498 1375 Muellerus

434 1427 701 1512 animadvertit,
731 1428 916 1513 videntur,
947 1436 1208 1524 nequetamen
1227 1429 1375 1499 omnino
1398 1425 1499 1497 aber-

436 1572 534 1625 rasse
568 1552 830 1638 Cavedonium,
871 1575 982 1646 quum
1026 1554 1258 1645 triumphalia
1290 1557 1500 1625 ornamenta

435 1678 558 1750 eadem
578 1696 618 1749 ac
637 1697 758 1768 regum
779 1685 916 1762 essent,
935 1680 1045 1752 immo
1065 1698 1107 1753 ea
1126 1669 1208 1770 ipsa
1226 1697 1307 1769 quae
1320 1677 1397 1748 lovi
1417 1693 1499 1748 con·

429 1801 654 1875 ‘cedebantur
679 1827 687 1874 :
717 1805 792 1876 haec
815 1812 934 1878 autem
960 1805 1086 1897 utique
1114 1811 1199 1876 sunt
1227 1822 1308 1894 quae
1334 1802 1373 1873 in
1399 1799 1500 1872 lubae

436 1927 595 1998 nummis
618 1936 814 2001 cernuntur
836 1925 901 2024 (5).
929 1929 1044 2001 Etiam
1070 1950 1142 2020 qua
1165 1928 1351 2000 occasione
1374 1944 1416 1998 ea
1438 1924 1501 2002 ha·

436 2051 572 2137 buerit,
590 2054 676 2124 anni
696 2055 855 2126 nummis
875 2053 1035 2127 adnotati
1053 2073 1132 2126 eum
1153 2053 1305 2126 historia
1318 2051 1500 2124 bellorum

437 2178 514 2267 ejus
535 2178 791 2250 concordantes
811 2177 1048 2262 denuntiant,
1071 2185 1112 2250 ut
1134 2178 1305 2270 sagaciter
1327 2174 1502 2266 intellegit

436 2302 1498 2395 lluellerus.Bellaomniagessitauxiliatuspopuloromano.

438 2427 585 2498 Gaetulis
601 2425 715 2508 victis,
728 2426 892 2498 Cornelio
912 2427 1021 2499 Cosso
1037 2445 1234 2517 cognomen
1243 2425 1404 2526 Gaetulici
1420 2423 1499 2507 tuit,

436 2550 1501 2642 lubaeetCossoornamentatriumphi‚quaeeoutiqueanno

437 2677 475 2749 in
495 2678 654 2747 nummis
674 2677 751 2767 eJus
770 2683 996 2767 comparent,
1018 2695 1104 2747 ann.
1127 2678 1170 2748 D.
1194 2679 1235 2758 6,
1258 2681 1367 2766 atque
1393 2657 1503 2745 simul

436 2801 591 2875 Victoria
605 2821 714 2892 supra
728 2801 928 2892 elephantis
944 2808 1050 2892 caput
1065 2808 1164 2874 stans
1184 2796 1249 2894 (t).
1265 2799 1361 2872 hon.
1381 2803 1502 2870 autem

469 3057 504 3122 (Ι)
515 3055 604 3116 Mora,
620 3055 675 3116 Ill,
694 3069 769 3106 num.
783 3053 823 3106 70.

469 3145 504 3210 (l)
519 3145 580 3196 Vid.
596 3144 681 3206 Mart,
698 3145 801 3210 suppl,
815 3159 841 3209 p.
856 3145 896 3196 77.

469 3237 504 3301 (3)
519 3236 693 3300 Borghesius‚
710 3237 756 3300 Op.
775 3237 865 3300 epigr„
883 3238 901 3283 t.
918 3233 970 3292 ΙΙΙ,
987 3249 1014 3298 p.
1029 3234 1074 3295 76,
1089 3237 1244 3285 ornamenta
1263 3233 1434 3298 triumphalia
1449 3246 1502 3282 nu·

439 3330 535 3386 marat,
551 3327 666 3376 lauream
684 3339 809 3376 coronam
823 3338 857 3374 ex
871 3337 951 3379 auro.
966 3328 1101 3388 sceptrum
1116 3326 1262 3375 eburneum
1276 3323 1320 3374 cui
1333 3323 1421 3386 aquila
1436 3322 1503 3372 insi-

382 3431 384 3434 ·
440 3415 492 3472 det,
507 3418 532 3463 et
547 3419 634 3478 togam
648 3428 713 3463 auro
730 3415 836 3477 pictam,
850 3410 976 3464 Eckbelio
990 3413 1138 3463 assentiens
1155 3404 1196 3474 (Ι).Ι
1209 3415 1254 3468 Ν..
1270 3410 1302 3475 V,
1319 3426 1346 3475 p.
1364 3409 1426 3474 118).
1442 3409 1504 3460 Tria

439 3508 528 3554 autem
542 3507 705 3566 sceptrorum
720 3517 816 3566 genera
833 3515 892 3566 quae
906 3503 976 3567 apud
987 3501 1124 3569 Romanos
1141 3502 1306 3562 invenimus,
1321 3502 1441 3551 divinum
1451 3501 1504 3551 sei·

397 3654 403 3665 ·
439 3594 501 3644 licet
515 3600 560 3641 aut
575 3593 662 3655 potius
684 3591 912 3653 antiquissimum,
929 3591 998 3654 quod
1018 3591 1084 3640 nihil
1099 3591 1170 3640 aliud
1186 3593 1225 3640 est
1245 3605 1278 3640 ac
1295 3590 1380 3653 scipio
1399 3589 1442 3639 eui
1455 3603 1504 3638 ex·

439 3681 564 3733 tremitati
581 3679 686 3730 additur
698 3679 805 3742 quidam
821 3680 848 3728 in
864 3680 975 3729 formam
995 3672 1215 3738 machometus,
1230 3678 1292 3728 dein
1306 3678 1418 3742 regium,
1432 3677 1504 3741 quod

440 3769 547 3832 brevius
558 3773 614 3819 erat
627 3773 653 3818 et
668 3770 774 3832 globum
791 3783 839 3832 pro
858 3769 965 3833 lastigie
980 3769 1084 3829 habuit,
1103 3769 1217 3832 denique
1231 3769 1444 3834 imperatorium.
1460 3769 1504 3817 cui

440 3861 528 3924 aquila
542 3861 681 3920 insidebat,
697 3861 844 3923 saepissima
860 3873 943 3910 unum
955 3873 1004 3924 pro
1015 3860 1098 3910 altero
1113 3861 1141 3910 in
1156 3858 1339 3909 monumentis
1353 3861 1424 3908 stare
1435 3869 1505 3908 com·

440 3950 530 4015 plures
548 3951 649 4000 nummi
670 3963 833 4014 gemmaeque
845 3950 1037 4000 demonstrant.
1054 3948 1173 4010 Quorum
1192 3949 1326 4008 ultimum,
1342 3947 1425 3998 fuisse
1440 3945 1504 3996 elim

441 4040 577 4104 proprium
591 4037 812 4104 triumphantium
829 4052 912 4102 quum
925 4039 1006 4100 vulgo
1024 4038 1144 4100 dicatur,
1164 4037 1274 4088 minime
1285 4015 1383 4087 'tamen
1394 4036 1504 4086 mirarer

441 4133 564 4194 negatum
579 4129 701 4194 regibus,
721 4129 799 4179 etiam
816 4128 906 4192 aliquo
921 4129 999 4182 modo
1011 4128 1183 4194 triumphalia
1193 4129 1410 4193 'accipientibntl,
1432 4125 1504 4192 huod

441 4233 512 4270 nunc
526 4219 708 4284 Augustorum
722 4232 805 4284 nequa
818 4219 900 4268 ullius
913 4219 981 4270 ultra
991 4219 1143 4271 mortalium
1160 4221 1243 4272 esset.

472 4307 506 4373 (l)
522 4307 606 4374 Muli,
623 4306 677 4370 ΙΙΙ,
692 4320 765 4358 num.
779 4305 819 4370 to,
834 4305 873 4370 65,
887 4306 927 4359 67.
1234 4301 1235 4306 ’
