3498 5324
708 596 867 661 ...43-

257 741 357 813 labor
368 737 530 830 undique
544 735 760 818 indefessus,
773 751 953 825 nusquam
970 735 1098 825 ignava
1112 742 1315 826 paupertas.

257 867 308 937 iia
327 870 367 936 ut
390 864 485 936 ierus
512 879 599 935 sano
622 880 664 933 ac
689 859 864 933 barbarus
891 859 1045 950 populus
1069 861 1135 943 sit,
1165 860 1228 933 sed
1253 879 1319 934 nu·

257 1006 354 1060 mero
375 987 511 1059 viribus
529 992 564 1058 et
583 985 705 1058 labore
721 985 848 1058 valeat.
872 983 1190 1057 Maroaota'aoram
1209 986 1320 1077 regio·

257 1111 315 1184 nis
330 1117 511 1183 montanae
530 1116 649 1201 partes
668 1111 895 1181 innumeram
915 1117 1055 1201 gentem
1071 1110 1185 1192 alunt,
1203 1128 1321 1200 neque

256 1236 379 1307 minus
394 1217 581 1307 bominum
598 1235 697 1307 dives
712 1253 794 1324 quae
805 1251 906 1306 nunc
918 1233 1068 1325 Alperio
1083 1242 1226 1308 vocatur
1236 1242 1322 1309 tuno

256 1366 332 1432 crat
361 1383 369 1430 :
403 1378 509 1442 nam,
535 1360 606 1432 nisi
633 1359 722 1430 falsa
748 1358 881 1431 indicia
908 1359 1069 1450 praebent
1095 1365 1252 1432 veterum
1281 1360 1320 1430 in

256 1487 331 1557 solo
352 1484 511 1577 vestigia,
533 1485 646 1557 multo
665 1485 747 1574 plus
765 1501 872 1574 quam
894 1503 976 1565 cxx,
1000 1485 1119 1555 iorsan
1140 1482 1247 1555 etiam
1265 1502 1317 1566 cc,

257 1616 405 1682 centena
425 1608 538 1681 miliia
558 1609 745 1680 bominum
765 1609 864 1690 tulit,
887 1626 968 1698 quae
988 1627 1085 1680 nunc
1105 1609 1161 1678 uix
1183 1627 1233 1678 xx
1252 1609 1318 1678 ha·

257 1736 317 1807 bet
335 1733 399 1830 (i).
418 1733 552 1828 Quotit
575 1742 615 1806 ut
638 1735 749 1806 multo
773 1752 812 1804 cc
840 1733 1014 1806 minorem
1035 1732 1192 1805 universi
1221 1733 1319 1823 regni

249 1859 385 1932 dubani
405 1859 578 1950 populum
599 1859 709 1930 iuisso
729 1877 803 1930 non
825 1858 994 1930 credibile
1015 1859 1073 1930 sit.

305 1984 452 2056 Vivebat
471 1982 516 2053 ab
536 1984 685 2072 antiquo
710 1985 912 2054 Maurorum
938 1982 1244 2072 Numidarumque
1264 2001 1321 2074 ge·

257 2127 326 2180 nus
341 2127 404 2199 per
419 2108 563 2180 castalia
580 2107 730 2199 rupibus
749 2107 872 2179 arduis
888 2115 949 2178 aut
965 2107 1141 2178 montium
1157 2101 1320 2197 partibus

258 2234 403 2306 remotis
435 2232 626 2323 imposita,
663 2250 808 2304 accessu
847 2238 919 2304 tam
957 2230 1093 2304 difficili
1134 2237 1173 2303 ut
1213 2232 1321 2304 intor-

258 2358 343 2450 dum
362 2377 407 2431 ne
428 2356 554 2429 incolis
571 2357 716 2448 quidem
733 2359 804 2429 nisi
826 2375 888 2448 per
904 2357 1018 2429 scalas
1038 2357 1158 2447 pervia
1178 2362 1318 2439 essent,

257 2482 390 2554 nedum
426 2482 582 2554 bostium
623 2481 786 2572 impetui.
823 2483 982 2568 Quorum
1018 2482 1129 2553 multa
1160 2483 1323 2571 exempla

259 2626 370 2698 quum
399 2606 637 2698 inspexerim,
668 2607 783 2697 placet
811 2623 923 2676 unum
953 2611 1132 2695 repetere,
1160 2605 1262 2695 cuius
1288 2611 1323 2676 et

258 2733 407 2803 iormam
427 2731 549 2802 tabula
563 2730 722 2821 expressi
740 2730 777 2800 in
795 2749 904 2820 supra
918 2729 1023 2800 citato
1039 2748 1145 2820 opere
1161 2726 1322 2822 (bitias-

257 2855 386 2929 tissimi
408 2857 540 2926 montis
568 2857 648 2945 pius
668 2875 744 2926 uun
765 2855 847 2945 ped.
870 2855 941 2925 aito
964 2853 1138 2925 cacumini
1158 2851 1322 2924 insidens

258 2981 392 3071 regioni
409 2982 478 3052 iate
498 2979 757 3069 supereminet,
780 2985 814 3050 et
838 2997 902 3069 pro
922 2978 1099 3049 territorio
1119 2976 1245 3049 habuit
1264 2975 1320 3064 ip·

257 3107 332 3177 sius
352 3104 485 3176 montis
504 3103 648 3189 molem,
672 3105 799 3184 saltus,
822 3105 953 3194 sylvas,
971 3115 1004 3172 ct
1025 3098 1182 3172 modicas
1202 3097 1319 3188 plani·
1390 3157 1394 3165 .

256 3231 324 3302 ties
343 3228 382 3299 in
402 3226 624 3299 convallibus
649 3234 711 3298 aut
733 3227 828 3318 jugis
851 3232 1026 3317 patentes.
1053 3227 1160 3328 Duas
1175 3230 1322 3312 occupat

257 3371 364 3444 rupes
388 3359 422 3424 et
446 3351 624 3442 quidquid
649 3351 757 3442 spatii
788 3351 971 3422 interest:
998 3368 1072 3421 una
1102 3349 1222 3420 nescio
1250 3365 1321 3437 quo

256 3483 377 3568 pacto,
403 3477 515 3548 altera
544 3475 696 3550 rudibus
720 3477 757 3546 in
786 3477 864 3566 ipso
892 3494 976 3546 saxo
1001 3473 1125 3546 incisis
1152 3471 1321 3564 gradibus

257 3601 393 3674 aditum
415 3600 553 3673 babuit.
577 3602 733 3687 Quarum
753 3601 895 3690 utrique
915 3606 950 3671 et
974 3600 1088 3691 spatio
1109 3597 1321 3671 intermedio

257 3726 466 3800 insidebant
485 3724 628 3807 domus,
647 3744 690 3798 err
710 3732 864 3815 quatuor
883 3724 1080 3816 parietibus
1100 3727 1317 3803 constantes,

258 3851 438 3924 interdum
458 3851 603 3922 assibus
623 3857 657 3922 et
677 3825 849 3921 arborum·
867 3849 1002 3921 truncis
1022 3849 1060 3918 in
1081 3846 1226 3919 modum
1246 3863 1320 3918 soa·

257 3977 410 4069 pharum
438 3982 601 4058 structae,
626 3993 715 4066 quas
741 3980 876 4048 veteres
898 3971 1080 4067 mapalia,
1108 3971 1320 4044 recentiores

287 4282 321 4346 (i)
343 4283 439 4346 Voaape
453 4279 565 4343 d'etade,
581 4296 607 4346 p.
621 4280 701 4333 11-14.

287 4371 321 4436 (i)
337 4370 413 4427 ibid..
431 4373 482 4421 tab.
498 4385 536 4420 111.
