3490 5318
881 557 1059 616 -lte-

434 699 577 784 babuit,
594 697 817 788 antiquiores
836 713 917 766 vero
937 700 1099 765 auctores
1118 693 1215 784 apud
1235 693 1382 766 Caeiium
1404 712 1498 785 quae-

434 845 517 902 rens
544 825 659 916 ipsius
680 820 769 894 Livii
795 819 929 890 iontem
949 818 1172 909 primarium.
1202 820 1253 889 Ex
1276 814 1499 913 Ἀρχαιολογία

435 952 543 1046 igitur
572 956 763 1039 antequam
793 944 839 1015 ad
871 943 986 1015 Vitam
1022 943 1176 1016 Marcelli
1205 943 1497 1016 conscribendam

434 1073 616 1150 accederet
634 1073 837 1144 nniversam
858 1086 976 1140 rernm
996 1086 1017 1137 a
1037 1066 1201 1139 Marcello
1221 1073 1400 1157 gestarum
1423 1079 1496 1141 me·

435 1199 585 1273 moriam
618 1199 818 1286 acceperat,
852 1191 950 1263 haud
983 1191 1146 1282 exiguam
1173 1189 1257 1262 dein
1288 1191 1498 1282 particulam

437 1321 680 1413 transcripsit,
696 1320 735 1390 iu
750 1311 858 1389 rebus
876 1317 1027 1387 Sicilicis
1049 1333 1139 1406 quas
1158 1316 1249 1386 tuba
1268 1315 1357 1388 iorte
1380 1315 1499 1388 minus

436 1453 597 1520 accurate
616 1444 784 1516 retulerat
800 1440 846 1512 ad
867 1440 1054 1531 Polybium
1075 1439 1272 1531 refugiens,
1294 1447 1329 1512 et
1348 1458 1391 1511 ex
1409 1441 1499 1511 tuba

437 1588 581 1663 qunque
596 1569 717 1639 hausit
731 1565 910 1657 quidquid
925 1565 1033 1636 habet
1048 1566 1085 1636 in
1103 1565 1280 1656 principio
1294 1565 1384 1638 Vitae
1401 1565 1498 1637 Fabii

437 1693 594 1768 Maximi.
627 1694 677 1763 Ex
709 1691 841 1780 quibus
876 1691 1044 1761 omnibus
1075 1681 1436 1792 commemorandum
1462 1691 1499 1760 in

439 1820 563 1910 primis
586 1817 678 1888 illud
705 1815 855 1887 Caesaris
880 1815 1029 1906 Augusti
1059 1817 1097 1887 in
1126 1816 1332 1888 laudatione
1359 1815 1499 1888 lunebri

436 1943 590 2018 Marcelli
605 1941 725 2031 generi
741 1941 796 2010 sui
816 1941 1061 2012 testimonium
1078 1941 1122 2012 de
1142 1943 1326 2032 sepultura
1341 1941 1385 2012 ab
1403 1942 1514 2046 Han-¹

438 2068 558 2139 nibalo
573 2065 721 2137 Claudio
736 2065 899 2137 Marcello
918 2065 1000 2137 data
1019 2063 1065 2159 (ι)
1089 2066 1190 2138 lubae
1205 2065 1380 2138 beneficio
1396 2065 1500 2136 nobis

440 2200 617 2265 servatum
639 2197 704 2263 εει.

488 2320 558 2392 Sed
577 2321 680 2410 plura
699 2327 733 2392 et
753 2321 887 2409 majora
905 2320 996 2390 tuba
1021 2320 1067 2391 ad
1092 2321 1254 2411 ejusdem
1277 2321 1364 2392 belli
1390 2321 1501 2392 histo-

439 2446 529 2518 riam
549 2444 711 2516 contulit.
739 2445 884 2534 Egregie
904 2444 1000 2515 enim
1021 2427 1355 2517 demonstraverunt
1375 2446 1413 2516 C.
1437 2447 1500 2518 Pe-

439 2578 536 2643 torus
554 2569 728 2640 Nissenus
744 2567 1015 2658 praesertimque
1031 2570 1191 2642 Kellerus
1207 2567 1503 2660 Vollgralliusque

440 2693 643 2785 Appianum
663 2694 784 2762 omnia
803 2692 847 2763 de
867 2692 974 2764 rebus
1001 2694 1038 2763 in
1059 2694 1175 2765 rllrioa
1195 2694 1303 2784 gostis
1328 2713 1391 2784 per
1414 2713 1499 2765 ann.

438 2840 471 2890 a.
495 2819 533 2888 C.
555 2819 709 2888 aot-201
731 2817 822 2888 tuba
842 2825 984 2890 auctore
1004 2837 1183 2901 narrasse,
1206 2836 1285 2910 quae
1304 2819 1400 2910 apud
1420 2837 1502 2890 eum

439 2945 559 3036 priora
591 2963 671 3016 cxvi
705 2942 820 3033 capita
852 2943 935 3014 libri
968 2922 1029 3016 an
1062 2945 1238 3016 obtinent.
1274 2947 1413 3030 Quanto
1447 2945 1503 3016 Li·
1551 2935 1556 2938 ’

438 3069 553 3142 rianae
568 3067 764 3139 narrationi
780 3068 824 3139 de
841 3067 898 3139 his
915 3069 1021 3140 rebus
1036 3069 1219 3160 Appianea
1235 3077 1391 3161 praestet,
1410 3071 1507 3140 novit

440 3193 606 3284 quisquis
633 3193 720 3264 belli
750 3189 976 3264 Hannibalici
1005 3193 1192 3265 historiam
1221 3171 1367 3266 attentis
1396 3194 1507 3266 oculis

440 3317 610 3408 inspexit.
646 3319 755 3391 Multo
784 3319 880 3390 enim
910 3319 1055 3390 uberior
1084 3319 1288 3410 diligentior
1314 3328 1348 3392 ει
1373 3319 1410 3390 in
1434 3337 1507 3389 om-

442 3442 549 3512 nibus
566 3442 672 3513 rebus
689 3442 794 3513 etiam
813 3443 1009 3534 Polybiane
1028 3443 1173 3533 probior
1189 3451 1243 3515 est
1263 3469 1270 3514 :
1289 3446 1410 3534 itaque
1425 3463 1506 3536 pos·

442 3567 633 3640 terioribus
653 3574 752 3638 tanto
776 3568 951 3658 acceptior
975 3569 1051 3640 visa
1076 3576 1150 3651 εει,
1173 3569 1383 3641 rodamius
1403 3569 1507 3640 etiam

443 3693 508 3763 Dio
525 3698 560 3764 et
574 3693 651 3783 eius
667 3693 814 3784 vestigia
833 3711 999 3784 premens
1014 3695 1168 3765 Zonaras
1184 3694 1397 3784 epitomaior
1412 3711 1509 3764 eum-

443 3818 523 3890 dem
544 3818 676 3890 lontem
693 3817 848 3889 adierint
871 3837 913 3890 ex
934 3837 1004 3908 quo
1025 3819 1103 3908 ipsa
1126 3819 1335 3890 deduxerat.
1357 3817 1509 3910 Appiani

442 3943 549 4032 igitur
570 3943 696 4013 unicus
716 3942 812 4024 lons,
836 3943 949 4014 Cassii
970 3944 1095 4015 Dionis
1115 3944 1316 4035 praecipuus
1335 3942 1427 4013 Juba
1449 3941 1505 4012 bis

444 4065 618 4138 derebus
644 4067 722 4138 luit.
745 4069 825 4158 lpse
851 4073 969 4139 autem
997 4070 1076 4140 sine
1104 4067 1213 4139 dnbio
1242 4067 1297 4138 avi
1323 4067 1509 4158 lempsalis

477 4319 509 4383 (l)
526 4319 605 4383 erut„
624 4323 709 4385 comp.
726 4323 812 4386 Pelop.
831 4335 889 4373 ram
903 4324 992 4384 Marc..
1012 4322 1033 4372 l.
