3490 5318
869 627 1050 687 -tat-

423 763 553 816 Proumio
568 761 623 815 feci
640 761 768 814 verbum.
785 759 881 825 Quum
897 761 974 814 enim
991 760 1086 815 adbuc
1107 776 1162 814 uon
1184 775 1286 815 omnes
1301 761 1490 827 premeridir

424 859 610 928 opproprium
627 859 757 913 fasciculi
779 857 814 912 ad
837 874 891 912 nos
914 859 1114 929 pervenerint,
1131 856 1296 912 dissertatio
1315 856 1489 912 Mommseni

422 961 457 1012 De
472 959 583 1027 Rapitur
602 959 723 1010 Thracia
738 959 769 1023 (t.
787 955 825 1020 II,
841 975 869 1028 p.
884 954 1018 1022 250-263)
1033 972 1090 1026 qua
1105 956 1231 1026 priorem
1243 953 1279 1009 de
1292 952 1488 1026 Pythodoride

421 1055 575 1126 locupletat
603 1061 632 1108 et
662 1055 794 1124 corrigit,
816 1052 953 1108 scribenti
983 1051 1052 1106 mihi
1078 1068 1135 1107 non
1164 1051 1264 1106 adfuit.
1287 1049 1379 1116 Quam
1409 1065 1488 1104 nune

420 1151 584 1223 inspicienti
599 1152 740 1221 comperit
748 1151 940 1222 Tryphaenam
954 1165 1010 1204 non
1026 1165 1145 1204 uxorem
1159 1148 1210 1204 sed
1226 1154 1346 1203 matrem
1364 1147 1455 1203 ultimi
1470 1163 1487 1200 e

420 1249 538 1321 regibus
559 1248 765 1303 Polemonibus
789 1248 894 1308 tuisse,
914 1249 964 1318 qui
986 1247 1079 1319 ipsius
1102 1253 1130 1302 et
1150 1247 1241 1318 Regis
1261 1245 1376 1318 CotyiS,
1393 1246 1487 1316 Regis

421 1347 627 1403 Rhoemetalcis
648 1347 680 1415 f,
697 1347 774 1402 filius
795 1347 859 1401 fuit.
876 1345 947 1401 Filia
967 1353 1028 1401 erat
1044 1322 1252 1417 Pythodoridis
1270 1352 1300 1400 et
1319 1344 1487 1400 Polemonis

418 1446 555 1511 Eusebis,
573 1454 602 1500 et
616 1447 717 1518 procul
731 1446 820 1500 dubio
835 1446 982 1517 regnavit,
995 1451 1109 1500 mortua
1124 1444 1334 1518 Pythodoride,
1346 1461 1403 1499 una
1417 1459 1485 1498 eum

418 1545 475 1600 fitio
490 1552 519 1601 et
532 1546 628 1617 priore
638 1547 709 1599 ioco.
720 1544 822 1616 Neque
837 1545 865 1599 id
882 1545 1019 1601 miraculo
1034 1551 1089 1610 est,
1101 1562 1167 1600 uam
1182 1545 1310 1600 Antonia
1323 1543 1486 1617 Tryphaena

414 1649 481 1716 jura
489 1643 580 1716 Regis
592 1643 757 1699 Polemonis
772 1651 801 1699 et
813 1643 934 1716 Reginae
946 1643 1153 1716 Pythodoridis
1167 1645 1197 1699 in
1212 1660 1245 1700 ae
1258 1643 1382 1716 quodam
1398 1643 1483 1698 modo

414 1745 569 1815 jungebat,
585 1759 650 1814 quae
668 1743 764 1798 omnia
784 1743 819 1797 ad
840 1743 948 1813 filium,
964 1760 1000 1798 ex
1016 1750 1097 1815 patre
1111 1742 1256 1798 Thracum
1279 1759 1347 1815 rege
1366 1746 1481 1808 natum,

416 1844 473 1898 nisi
486 1859 538 1914 per
551 1858 615 1898 eam
626 1859 682 1897 uon
693 1842 910 1914 perveniebant.
926 1841 1011 1908 Quod
1024 1842 1111 1897 etiam
1123 1841 1158 1896 ad
1170 1842 1360 1913 quaestionem
1370 1840 1405 1896 de
1420 1840 1481 1895 effi-

416 1941 462 2012 gie
477 1941 640 2010 reginarum
660 1940 786 1995 nummis
801 1941 878 1996 illata
891 1943 993 1997 attinet
1004 1965 1009 2006 ;
1021 1958 1087 1996 nem
1101 1941 1262 2013 Tryphaena
1275 1957 1366 2012 quum
1379 1941 1482 2012 regina

417 2038 532 2110 proprio
547 2054 601 2094 suo
617 2038 731 2093 nomine
746 2039 843 2108 suerit,
853 2057 910 2094 una
925 2039 1094 2112 Gepaepyris
1110 2047 1244 2111 superest
1258 2057 1343 2111 quam
1359 2054 1480 2094 uxorem

414 2136 613 2192 tautummodo
630 2139 707 2207 regis
728 2139 755 2192 iu
780 2140 906 2194 nummis
923 2139 1117 2194 inveniemus¹
1143 2119 1272 2210 Deque,
1297 2140 1354 2194 nisi
1373 2143 1402 2193 et
1415 2141 1479 2209 ipsa

412 2237 468 2291 fuit
486 2253 541 2291 uua
561 2252 597 2290 ex
613 2235 733 2291 Antonii
748 2236 848 2292 sobole
863 2237 951 2307 (quod
970 2237 1046 2292 felici
1068 2239 1134 2292 novi
1154 2238 1278 2308 alicujus
1298 2235 1480 2292 monumenti

412 2336 578 2390 inventione
600 2336 716 2391 forsitan
741 2337 871 2408 patebit),
889 2338 959 2393 nihil
980 2338 1057 2392 aliud
1079 2337 1265 2393 sentiendum
1287 2336 1400 2392 videtur
1421 2337 1479 2391 nisi

410 2433 529 2504 regibus
544 2433 667 2504 Bospori
687 2435 851 2490 absolutum
874 2438 914 2491 uti
934 2437 1040 2492 vellent
1061 2437 1182 2491 feriendi
1202 2437 1352 2492 arbitrium
1373 2436 1476 2492 fuisse.

411 2531 585 2602 Hujusmodi
601 2534 782 2605 privilegium
799 2551 972 2590 concessum
986 2537 1022 2590 iis
1038 2537 1129 2590 fuisse
1144 2543 1173 2592 et
1184 2534 1348 2591 verosimile
1361 2537 1475 2604 censui,

409 2638 438 2685 et
463 2633 588 2686 rationes
611 2636 675 2703 ejus
698 2635 819 2704 quaesivi
838 2634 867 2688 in
886 2637 1006 2688 bullatin
1029 2636 1060 2688 de
1082 2636 1313 2702 correspondente
1335 2635 1477 2701 ofriooine

409 2737 437 2786 et
464 2731 538 2802 apud
559 2732 718 2786 Societatem
738 2733 882 2788 Gallorum
904 2736 1140 2800 Antiquoriorum
1160 2733 1195 2787 de
1215 2750 1304 2788 aureo
1327 2732 1476 2788 Ptolemaei

409 2827 571 2900 disputans.
