3490 5318
883 581 1062 645 -100-

742 727 766 789 Η
802 725 942 792 ΒΟΥΛΗ
980 725 1040 788 ΚΑΙ
1076 739 1089 775 0
1123 718 1203 795 δημος

744 831 988 896 ΒΑΣΙΛΙΣΣᾹΝ
1027 825 1208 904 γλαφυραν

742 937 930 1014 ΑρΧῑΛΑΟΥ
959 936 1122 1011 ΘΥΓατιρα
1150 928 1208 988 ιοὸα

744 1044 907 1108 ΓΥΝΑΙΚα
948 1059 1074 1118 operor
1115 1059 1208 1095 ενεκα

493 1261 568 1331 Duo
591 1262 763 1347 praeterea
781 1254 899 1340 tituli,
920 1261 960 1326 ut
981 1252 1120 1326 ridetur
1141 1272 1221 1326 oum
1241 1252 1303 1324 illo
1325 1253 1453 1347 positi,
1475 1262 1508 1325 et

441 1388 577 1474 patrem
598 1379 809 1451 Arohelaiim
838 1395 953 1468 regem
979 1378 1034 1449 oni
1062 1377 1273 1468 Pythodoris
1295 1378 1418 1468 nupsit
1438 1380 1504 1449 Po·

442 1507 582 1578 lamone
606 1509 769 1595 mortuo,
794 1509 829 1574 et
852 1501 995 1574 fratrem
1015 1519 1131 1592 regem
1154 1501 1364 1574 Archelaiim
1387 1503 1503 1575 norni-

443 1636 544 1702 nant.

493 1755 555 1826 Hae
579 1753 723 1824 inerunt
745 1751 846 1823 Juhae
867 1768 1010 1822 uxoreo.
1040 1750 1179 1827 Prolem
1203 1757 1321 1823 autem
1347 1753 1379 1822 ei
1399 1750 1509 1824 inisse

442 1897 485 1950 ex
510 1877 696 1968 Cleopatra
724 1876 884 1967 genitum
912 1874 1053 1967 filium,
1081 1875 1227 1946 nomine
1254 1875 1507 1965 Ptolemaenm‚

442 2019 567 2074 omnes
594 2007 755 2072 auctores
781 2005 960 2072 asserunt.
984 1998 1053 2070 Sed
1075 1999 1225 2088 quaestio
1245 1998 1315 2069 aiia
1335 1998 1508 2093 omunia,

443 2124 764 2218 querimoniam,
783 2125 829 2196 M.
848 2122 994 2195 Antonii
1013 2122 1103 2213 Aug.
1120 2121 1186 2206 lib.
1205 2123 1331 2194 Felicis
1346 2141 1509 2216 uxorem,

444 2249 590 2321 Antonii
611 2249 724 2319 lliriri
748 2254 782 2320 et
802 2248 977 2338 Ciopatrae
997 2247 1129 2338 reginae
1152 2254 1294 2338 neptem
1315 2245 1428 2320 inisse
1447 2250 1510 2319 Ta·

445 2373 535 2446 ottus
556 2371 685 2444 dixerit
707 2368 754 2466 (i)
782 2396 790 2442 ε
814 2371 910 2443 unde
930 2372 1052 2462 plnres
1072 2370 1300 2443 erediderunt
1316 2390 1392 2443 earn
1410 2373 1510 2446 iubae

446 2496 655 2570 etSeienes
684 2495 809 2566 iiliam.
846 2495 966 2566 Trium
998 2511 1079 2566 vero
1110 2494 1311 2585 reginarum
1335 2497 1509 2568 ‘maritum

446 2639 556 2712 quum
590 2621 739 2693 Felicem
771 2621 964 2692 Suetonius
989 2619 1084 2691 dieat
1108 2617 1185 2712 (2),
1214 2619 1364 2692 obseura
1390 2621 1512 2693 admo·

446 2746 532 2818 rium
563 2745 712 2835 quaestio
748 2752 802 2815 est
830 2744 979 2835 triplicis
1013 2743 1231 2815 matrimonii
1265 2768 1272 2814 :
1303 2763 1410 2834 quarn
1445 2747 1511 2817 etsi

446 2889 519 2942 non
539 2876 697 2960 repetere
717 2870 883 2961 maliem,
910 2877 1029 2941 tamen
1053 2887 1166 2960 panea
1188 2869 1234 2940 ad
1254 2888 1329 2941 rem
1350 2876 1510 2942 nostram

446 2993 662 3085 pertinentia
681 3001 869 3066 retractare
892 3011 1038 3066 neeesse
1065 3001 1131 3065 est.
1157 2995 1312 3066 Fratrem
1332 3013 1413 3066 enm
1435 2996 1511 3067 Pai-

448 3119 555 3190 laniis
575 3117 814 3209 potentissimi
836 3117 966 3200 liberti,
987 3118 1153 3189 Antoniae
1171 3117 1310 3189 Claudii
1330 3119 1454 3191 matris
1475 3119 1513 3189 li-

449 3241 588 3313 bertum
609 3242 734 3334 inisse,
757 3242 820 3313 sed
842 3242 879 3311 in
901 3241 1062 3331 equitnm
1084 3258 1273 3312 nnmerum
1294 3242 1510 3334 adscriptum

451 3369 485 3435 et
504 3364 550 3435 ari
569 3384 729 3437 summos
756 3366 911 3456 exeeptis
938 3364 1158 3455 praefecturis
1184 3365 1341 3455 praetorii
1359 3369 1512 3458 AEgypti·

451 3505 521 3579 qne
539 3488 647 3579 hujus
665 3487 805 3560 ordinis*
819 3489 974 3560 honores
992 3495 1212 3581 proveetum,
1235 3496 1273 3559 ut
1290 3489 1351 3579 qui
1371 3491 1513 3580 provin·

451 3613 523 3685 eias
543 3629 621 3683 oum
642 3612 754 3703 oopiis
774 3621 981 3703 procurator
1000 3613 1180 3705 hahuerit,
1202 3613 1512 3704 perversissimum

324 3817 327 3826 ¹
451 3743 619 3827 praeterea
639 3736 821 3809 hominem
848 3745 881 3808 et
910 3736 955 3809 ad
980 3737 1102 3808 omnia
1129 3738 1262 3810 seelera
1287 3737 1455 3810 oaliirinm
1475 3739 1513 3811 in

450 3858 572 3932 iudaea
594 3861 654 3950 ius
678 3860 813 3952 regium
834 3861 954 3933 servili
976 3863 1121 3953 ingenio
1148 3862 1369 3951 exercuisse,
1395 3864 1512 3935 Taoito

450 3989 592 4056 auctore
618 3985 796 4057 novimus,
824 3987 949 4058 Seoum
974 3987 1012 4057 in
1038 3985 1161 4059 iudaea
1187 3984 1341 4058 habebat
1366 4006 1511 4059 uxorem

483 4235 516 4298 (1)
535 4234 696 4298 Tac.‚i1irt.,
711 4233 743 4297 V,
759 4236 783 4286 9.

482 4321 516 4387 (2)
533 4321 615 4386 Suet..
631 4323 733 4388 Claud„
747 4324 786 4374 28.
