3498 5324
739 609 879 669 ..5.-

252 747 427 838 latinique
450 739 611 819 auctores
641 747 785 819 disertis
809 746 927 817 verbis
955 745 1109 818 latentur
1138 766 1181 819 ex
1211 749 1302 820 luha
1331 768 1369 822 se

251 851 431 917 mutuatos
455 869 462 915 :
484 845 556 917 alia
577 851 695 917 autem
719 845 896 935 permulta
920 842 1041 915 furtim
1069 844 1166 917 fonte
1189 863 1263 918 non
1287 847 1365 917 lau-

251 941 333 1015 dato
358 942 546 1033 desumpta
569 948 773 1015 nostrorum
795 941 1084 1032 investigationes
1109 944 1147 1013 in
1167 943 1281 1015 lucem
1307 944 1368 1016 ad·

250 1039 443 1112 duxeruut.
474 1041 589 1130 Hujus
619 1046 738 1111 tamen
765 1039 913 1129 paginas
938 1037 1101 1110 aditurus
1129 1047 1202 1121 est,
1231 1042 1367 1132 siquis
1462 1083 1464 1090 s

249 1137 350 1209 lubae
369 1136 566 1210 doctrinam
587 1136 698 1208 libros
719 1135 898 1208 sentiendi
919 1135 1172 1227 scribendique
1191 1139 1366 1211 rationem

249 1234 436 1324 exquirere
456 1234 494 1305 in
514 1234 635 1306 animo
654 1233 832 1316 habuerit,
851 1240 885 1304 et
902 1233 1078 1304 nonnulla
1095 1235 1141 1306 ad
1160 1237 1276 1325 ipsam
1293 1237 1367 1308 his·

249 1332 376 1404 teriam
393 1350 436 1404 cx
455 1332 641 1422 praemissa
661 1331 911 1403 dissertatione
926 1331 1149 1403 haurientur.

297 1429 401 1520 Regis
420 1429 546 1511 lubae,
569 1435 603 1502 et
629 1428 751 1500 uxoris
776 1428 988 1518 Cleopatra,
1016 1435 1050 1499 et
1074 1429 1255 1502 Ptolemaei
1276 1432 1363 1516 filii,

248 1526 435 1599 historiam
456 1525 554 1609 iecit,
577 1527 785 1616 inscriptam
807 1523 983 1594 Dormire
1009 1524 1172 1617 dynastia
1190 1529 1366 1600 mocrito-

247 1621 393 1706 m‘ercrre,
416 1625 629 1696 notissimus
655 1623 709 1694 vir
732 1622 950 1714 Berbrugger
968 1624 1005 1694 in
1026 1621 1146 1694 Ranae
1165 1625 1363 1718 ofrlcoc'ne,

247 1739 333 1792 ann.
356 1723 397 1792 l).
420 1723 525 1803 l86l,
543 1739 659 1794 mens.
681 1723 798 1802 Mart,
817 1721 905 1799 lul..
924 1721 1037 1811 Sept,
1055 1740 1168 1812 pauca
1183 1723 1227 1794 de
1246 1733 1365 1798 aucto-

247 1818 367 1901 rihus,
389 1820 493 1910 plura
512 1818 556 1893 de
576 1818 708 1901 titulis,
732 1819 844 1889 multa
871 1816 915 1888 de
940 1821 1118 1900 nummis,
1141 1839 1213 1892 non
1241 1823 1363 1893 omnia

246 1915 393 1989 feliciter
406 1916 577 2009 prodens
592 1916 661 1990 Sed
676 1921 861 2006 expertum
880 1934 987 2004 quarn
1005 1916 1151 1990 difficile
1162 1920 1209 1990 sit
1224 1920 1362 1990 homini

245 2010 283 2084 in
312 2012 427 2086 Africa
447 2014 589 2104 degenti
610 2013 787 2105 ejusmodi
814 2013 934 2084 studia
959 2019 1129 2098 tractare,
1151 2015 1236 2088 dnm
1265 2016 1364 2089 deest

245 2109 419 2182 librorum
446 2112 625 2203 supellex,
648 2111 750 2184 abest
775 2109 959 2181 doctorum
985 2112 1141 2184 virorum
1169 2114 1361 2196 auxilium,

245 2209 431 2284 commoda
450 2210 572 2281 omnia
591 2209 779 2301 ipsiusque
798 2208 885 2279 artis
902 2207 1141 2281 instrumenta
1159 2210 1364 2283 desiderari·

246 2311 314 2386 tur,
336 2306 486 2397 puderet
511 2307 761 2379 strenuissimo
786 2305 860 2376 viro
885 2322 927 2376 ea
953 2305 1031 2396 ipsa
1057 2307 1198 2378 crimini
1226 2314 1361 2382 vertere

245 2421 327 2493 quae
346 2404 435 2477 mihi
455 2423 534 2478 mea
553 2405 591 2476 in
612 2422 719 2477 causa
737 2403 842 2475 etiarn
863 2402 1064 2476 attestanda
1084 2404 1212 2478 [orent.
1234 2408 1275 2477 Et
1295 2409 1362 2479 uti·

244 2501 292 2572 lia
311 2502 487 2574 nonnulla
505 2504 542 2573 in
563 2502 794 2592 Berbruggeri
811 2500 914 2572 dictis
932 2501 1087 2591 reperies
1102 2526 1111 2585 ;
1134 2503 1283 2576 omnino
1301 2503 1362 2576 de-

244 2599 354 2689 nique
383 2600 504 2690 gratiae
531 2599 678 2692 agendae
705 2605 790 2671 sunt
814 2598 995 2670 memoriae
1021 2599 1107 2681 viri,
1137 2600 1199 2690 qni
1223 2619 1287 2692 per
1310 2609 1362 2674 tot

243 2714 358 2769 annos
377 2715 487 2788 prope
508 2699 606 2770 solus
625 2696 790 2769 Africana
810 2695 929 2768 studia
948 2697 1124 2785 promovit
1143 2715 1208 2771 uec
1227 2716 1266 2771 se
1283 2699 1361 2772 vivo

244 2792 469 2886 refrigescere
488 2814 618 2886 passus
638 2801 704 2866 est.
951 2815 954 2824 ¹

293 2893 492 2977 Quoniam,
520 2892 707 2966 deliciante
736 2893 947 2982 scriptorum
974 2893 1194 2972 testimonio,
1223 2895 1360 2966 numis-

245 2989 371 3061 matica
400 2991 597 3080 praecipuas
623 2991 659 3059 in
688 2989 926 3080 comparanda
954 2989 1055 3060 lubae
1088 2990 1179 3080 regis
1211 2991 1361 3063 historia

242 3093 361 3176 partes
376 3106 478 3178 agere
498 3087 616 3166 debet,
635 3088 733 3158 nullo
750 3088 869 3177 potius
885 3087 976 3156 libro
992 3087 1165 3158 utendum
1182 3094 1236 3159 est
1251 3106 1357 3177 quarn

242 3202 282 3254 eo
304 3202 410 3274 quem
432 3184 630 3257 Ludovicus
650 3185 776 3256 Muller
796 3203 816 3254 a
835 3182 943 3254 Falhe
960 3189 994 3255 et
1013 3183 1191 3275 Lindberg
1209 3186 1356 3257 inchoa·

242 3287 316 3352 tum
337 3282 610 3371 praeclarissime
629 3280 794 3363 absolvit,
819 3279 1105 3372 Noorr‘smotr'que
1121 3281 1164 3350 de
1183 3281 1360 3375 l'Afrr'quc

241 3377 423 3450 oncr'eane.
442 3380 552 3470 Cujus
568 3379 709 3451 tertium
732 3380 910 3458 volumen,
929 3397 1014 3448 ann.
1034 3380 1075 3449 l).
1098 3381 1187 3449 1861
1206 3381 1355 3466 editum,

242 3495 352 3566 quum
374 3477 573 3567 complures
601 3476 1055 3572 111111111111111111111111
1081 3483 1116 3547 et
1141 3478 1241 3550 lubae
1266 3480 1357 3569 regis

241 3591 409 3645 nummos
429 3575 466 3645 in
482 3575 641 3666 syllogen
658 3573 857 3645 absolutam
879 3580 913 3644 et
931 3580 969 3644 ut
990 3574 1164 3664 locuplete
1184 3576 1236 3646 sic
1254 3574 1357 3648 docto

240 3672 494 3745 commentario
521 3672 729 3743 instructam
754 3671 948 3761 dispositos
975 3671 1145 3743 continet.
1177 3673 1356 3757 Quantum

241 3787 381 3840 summo
398 3770 472 3841 viro
490 3788 608 3841 rerum
629 3769 872 3839 Africanarum
889 3775 1027 3840 vetusta
1041 3770 1213 3839 memoria
1231 3769 1357 3843 debeat

242 3873 364 3937 notum
381 3874 447 3950 est,
465 3867 662 3957 laudesque
677 3865 929 3957 pretiosissimi
941 3867 1058 3956 operis
1074 3866 1226 3954 texendo
1240 3885 1358 3958 neque

240 3964 464 4054 noxiaeque
493 3964 592 4036 utilis
615 3963 812 4054 quidquam
840 3962 1029 4035 efficerem.
1058 3964 1151 4034 Vitia
1176 3970 1295 4036 tamen
1323 3972 1358 4038 et

240 4061 377 4140 insunt,
397 4081 461 4133 nec
480 4062 635 4152 protecto
654 4062 926 4152 exspectabatur
944 4061 1018 4133 tore
1038 4061 1245 4151 hujusmodi
1266 4081 1357 4153 opus

239 4158 328 4230 adeo
347 4159 541 4250 perlectum
562 4167 670 4250 atque
688 4159 893 4230 ahsolutum
914 4165 954 4230 ut
972 4158 1066 4229 nitril
1086 4159 1353 4250 corrigendum,

241 4255 332 4328 nihil
360 4256 587 4335 addendum,
624 4256 717 4328 nihil
746 4255 965 4328 eradendum
1001 4257 1235 4346 linqueretur.
1266 4258 1356 4328 Sunt

240 4354 394 4444 quihus,
422 4373 464 4426 ex
489 4373 559 4446 quo
584 4355 621 4425 in
649 4355 761 4425 lucem
790 4353 941 4443 prodiit,
968 4373 989 4424 a
1014 4354 1182 4426 Muellero
1210 4360 1356 4426 tractata
