3498 5324
812 537 1040 652 ſsite-

428 729 567 806 darent.
599 730 791 818 Quaedam,
826 729 1012 802 meridiem
1045 749 1190 817 versuS,
1224 729 1346 802 multis
1376 750 1424 802 m.
1454 751 1491 821 n.
1588 813 1592 820 ,

428 876 540 930 unum
566 856 611 928 ab
631 857 740 928 altero
762 854 933 927 distantia
952 855 1017 928 sod
1042 854 1303 946 propemodum
1324 856 1361 926 in
1386 854 1493 926 lineis

427 983 561 1073 posita,
583 980 657 1052 vias
681 978 882 1071 antiquitus
910 985 1143 1051 mercatorum
1166 980 1371 1070 agminibus
1391 980 1493 1051 tritas

427 1113 462 1180 et
487 1125 556 1178 usu
582 1104 750 1175 omnibus
778 1108 881 1176 notas
913 1103 1087 1176 indicant.
1119 1104 1290 1190 Quaedam
1318 1107 1425 1177 etiarn
1454 1104 1493 1175 in

392 1259 396 1268 ⁴
428 1249 592 1321 magnam
612 1235 646 1300 et
665 1229 852 1299 hominum
868 1233 903 1299 et
918 1227 1106 1300 domorum
1126 1237 1307 1302 creverant
1326 1230 1491 1321 trequen-

428 1355 544 1425 tiam:
569 1371 680 1425 unum
712 1370 775 1443 ogo
804 1352 918 1423 millia
946 1354 1150 1425 mortalium
1175 1354 1264 1426 adx
1290 1353 1417 1445 agnovi
1437 1362 1489 1426 te-

428 1479 569 1572 nuisse,
592 1478 719 1550 miram
742 1495 889 1567 prorsus
913 1477 1180 1551 multitudinem
1201 1478 1276 1551 illio
1298 1478 1361 1550 ubi
1387 1480 1492 1570 longe

427 1603 568 1693 lateque
587 1619 651 1692 per
668 1619 717 1673 m.
736 1619 772 1691 p.
796 1621 835 1672 cn
854 1607 951 1694 patet
970 1600 1077 1674 bodio
1097 1601 1266 1674 solitudo.
1292 1603 1408 1688 Quum
1429 1621 1491 1673 au-

428 1734 497 1799 tem
517 1727 563 1798 ad
583 1725 767 1798 meridiem
787 1727 926 1816 pergis,
950 1733 987 1797 ut
1007 1727 1162 1797 sterilior
1181 1733 1287 1810 terra,
1310 1727 1362 1798 sio
1382 1727 1491 1798 rario-

427 1870 484 1924 res
507 1859 664 1924 veterum
690 1851 879 1921 hominum
907 1849 1010 1922 sedes
1038 1849 1253 1939 alliciuntur,
1277 1851 1390 1924 donec
1418 1870 1492 1923 om·

427 1978 513 2048 nino
541 1975 720 2049 deficiant.
745 1976 809 2047 Hio
837 1976 1001 2048 meliores
1025 1977 1170 2048 Sabarae
1197 1975 1348 2048 minoris
1373 1984 1492 2067 partes

427 2101 644 2173 Gaetulorum
670 2119 791 2191 greges
811 2106 845 2172 ot
869 2106 1046 2183 armenta,
1072 2101 1272 2190 praesertim
1293 2099 1492 2171 multitudi-

427 2243 492 2296 nes
514 2225 651 2311 ovium‚
680 2224 891 2314 pascebant,
920 2223 1187 2314 nomadnmque
1213 2225 1285 2295 vita
1309 2224 1401 2307 luit;
1429 2223 1492 2295 sed

358 2399 361 2404 ·
427 2349 583 2419 maxima
609 2366 692 2438 pars
717 2354 820 2420 terrae
852 2347 1007 2420 solitudo
1036 2356 1123 2421 erat.
1152 2351 1268 2440 Supra
1294 2367 1402 2439 quam
1430 2367 1492 2440 op·

426 2473 530 2563 pida,
552 2473 694 2564 longius
715 2472 900 2544 meridiem
920 2491 1061 2560 verane,
1085 2491 1148 2564 per
1167 2474 1279 2545 saltus
1304 2491 1400 2546 nunc
1418 2469 1494 2542 Ka·

425 2594 534 2684 rodet,
552 2595 756 2681 Moadloco,
774 2596 914 2666 Amocr
933 2605 1074 2668 vocatos
1095 2602 1129 2669 et
1148 2597 1350 2687 complures
1366 2595 1412 2667 ad
1432 2597 1493 2666 Oc-

427 2721 603 2794 cidentem
630 2742 720 2814 quos
748 2729 871 2794 tenent
896 2724 1108 2795 consociatae
1132 2717 1492 2792 celeusma-Oeace

426 2851 573 2937 gentes,
603 2854 664 2920 aut
690 2849 873 2920 montibus
902 2848 1093 2938 imposita,
1124 2855 1186 2919 aut
1210 2847 1319 2918 valles
1352 2848 1491 2919 casium

426 2971 533 3043 modo
549 2971 667 3062 riguas
686 2972 858 3054 tenentia,
874 2972 919 3042 ab
935 2971 1064 3062 reliqui
1081 2972 1230 3042 humani
1249 2972 1389 3061 generis
1409 2989 1491 3043 oon·

427 3099 536 3170 sortio
557 3099 661 3189 quasi
679 3099 819 3171 seclusa
837 3096 1162 3169 abscondebantur.

477 3223 578 3293 Hunc
595 3222 675 3294 vitae
694 3230 854 3294 tenorem
875 3221 1055 3294 diversum
1081 3222 1278 3294 secundum
1302 3223 1370 3293 soli
1393 3222 1489 3293 caeli·

428 3347 690 3434 querationom
710 3354 833 3437 gentes
853 3348 952 3438 regni
972 3347 1270 3419 Mauretaniarum
1293 3353 1435 3428 secutae,
1453 3345 1491 3417 in

427 3469 494 3541 boc
512 3476 631 3542 tamen
652 3473 910 3554 consonabant,
935 3472 1032 3562 quod
1051 3473 1212 3544 barbarae
1230 3480 1264 3560 et
1283 3473 1492 3543 incultiorcs

352 3687 355 3694 ν
426 3603 645 3678 manserant,
668 3615 786 3687 neque
805 3597 895 3668 sicut
914 3598 952 3668 in
973 3613 1080 3688 regno
1102 3597 1199 3688 quod
1218 3596 1309 3667 luba
1328 3596 1429 3686 prius
1446 3600 1493 3665 te·

426 3725 553 3790 nuerat
582 3722 823 3791 Romanorum
857 3723 1132 3810 Graecorumque
1166 3729 1259 3790 artes
1299 3716 1396 3808 apud
1432 3735 1492 3789 eas

426 3844 659 3934 proiecerant.
690 3845 854 3936 agrestes
883 3846 980 3918 enirn
1008 3851 1131 3936 gentes
1163 3860 1281 3915 rerum
1312 3841 1357 3912 ad
1385 3841 1492 3912 vitam

426 3969 669 4042 exornandam
688 3978 749 4042 aut
769 3971 1045 4042 commodiorem
1061 3969 1259 4041 taciendam
1279 3966 1491 4038 idonearum

426 4094 645 4186 negligentes
665 4096 806 4168 fuerant
826 4113 966 4186 semper
981 4101 1015 4167 et
1029 4093 1147 4167 adbuc
1161 4099 1259 4165 sunt.
1280 4093 1376 4178 Quos
1395 4089 1492 4162 enim

427 4237 493 4291 nos
512 4219 550 4290 in
577 4220 732 4292 sordidis
757 4229 791 4293 et
815 4221 1027 4292 miserrimis
1052 4218 1212 4310 Kabyliae
1231 4216 1385 4309 tuguriis
1405 4233 1492 4306 pau-

424 4362 528 4435 peres
544 4345 709 4417 similitor
728 4364 768 4417 ac
787 4345 1046 4420 commodiores
1063 4343 1190 4435 degere
1210 4341 1405 4429 cernimus,
1423 4339 1489 4412 bos
