<?xml version="1.0" encoding="UTF-8"?>
<!DOCTYPE html PUBLIC "-//W3C//DTD XHTML 1.0 Transitional//EN"
    "http://www.w3.org/TR/xhtml1/DTD/xhtml1-transitional.dtd">
<html xmlns="http://www.w3.org/1999/xhtml" xml:lang="en" lang="en">
 <head>
  <title>
</title>
<meta http-equiv="Content-Type" content="text/html;charset=utf-8" />
  <meta name='ocr-system' content='tesseract 3.04.00' />
  <meta name='ocr-capabilities' content='ocr_page ocr_carea ocr_par ocr_line ocrx_word'/>
</head>
<body>
  <div class='ocr_page' id='page_1' title='image "./deregejubaregis00blangoog_0082.png"; bbox 0 0 3498 5324; ppageno 0'>
   <div class='ocr_carea' id='block_1_1' title="bbox 713 558 871 619">
    <p class='ocr_par' dir='ltr' id='par_1_1' title="bbox 713 558 871 619">
     <span class='ocr_line' id='line_1_1' title="bbox 713 558 871 619; baseline 0 -15"><span class='ocrx_word' id='word_1_1' title='bbox 713 558 871 619; x_wconf 73' lang='lat'>...71-</span> 
     </span>
    </p>
   </div>
   <div class='ocr_carea' id='block_1_2' title="bbox 251 694 1430 3786">
    <p class='ocr_par' dir='ltr' id='par_1_2' title="bbox 256 694 1321 2548">
     <span class='ocr_line' id='line_1_2' title="bbox 259 694 1321 787; baseline 0.002 -19"><span class='ocrx_word' id='word_1_2' title='bbox 259 694 487 787; x_wconf 87' lang='lat' dir='ltr'><strong>patriciorum</strong></span> <span class='ocrx_word' id='word_1_3' title='bbox 523 695 859 786; x_wconf 71' lang='lat' dir='ltr'><strong>magistratumve,</strong></span> <span class='ocrx_word' id='word_1_4' title='bbox 894 702 1125 786; x_wconf 74' lang='lat' dir='ltr'>praetextam,</span> <span class='ocrx_word' id='word_1_5' title='bbox 1162 699 1321 770; x_wconf 91' lang='lat' dir='ltr'><strong>curulem</strong></span> 
     </span>
     <span class='ocr_line' id='line_1_3' title="bbox 260 820 1319 914; baseline 0.003 -22"><span class='ocrx_word' id='word_1_6' title='bbox 260 821 399 902; x_wconf 91' lang='lat' dir='ltr'><strong>sellam,</strong></span> <span class='ocrx_word' id='word_1_7' title='bbox 417 820 585 910; x_wconf 89' lang='lat' dir='ltr'><strong>praetoria</strong></span> <span class='ocrx_word' id='word_1_8' title='bbox 601 827 812 893; x_wconf 88' lang='lat' dir='ltr'><strong>ornamenta</strong></span> <span class='ocrx_word' id='word_1_9' title='bbox 829 828 937 911; x_wconf 85' lang='lat' dir='ltr'><strong>atque</strong></span> <span class='ocrx_word' id='word_1_10' title='bbox 953 823 1059 893; x_wconf 90' lang='lat' dir='ltr'><strong>etiam</strong></span> <span class='ocrx_word' id='word_1_11' title='bbox 1074 822 1319 914; x_wconf 83' lang='lat' dir='ltr'><strong>triumphalia,</strong></span> 
     </span>
     <span class='ocr_line' id='line_1_4' title="bbox 259 945 1319 1036; baseline 0.002 -18"><span class='ocrx_word' id='word_1_12' title='bbox 259 963 444 1027; x_wconf 88' lang='lat' dir='ltr'><strong>coronam,</strong></span> <span class='ocrx_word' id='word_1_13' title='bbox 466 945 663 1036; x_wconf 79' lang='lat' dir='ltr'><strong>scipionem</strong></span> <span class='ocrx_word' id='word_1_14' title='bbox 682 946 882 1018; x_wconf 93' lang='lat' dir='ltr'><strong>eburneum</strong></span> <span class='ocrx_word' id='word_1_15' title='bbox 902 945 958 1017; x_wconf 93' lang='lat' dir='ltr'><strong>cui</strong></span> <span class='ocrx_word' id='word_1_16' title='bbox 977 947 1099 1036; x_wconf 88' lang='lat' dir='ltr'><strong>aquila</strong></span> <span class='ocrx_word' id='word_1_17' title='bbox 1118 946 1319 1030; x_wconf 86' lang='lat' dir='ltr'><strong>insidebat,</strong></span> 
     </span>
     <span class='ocr_line' id='line_1_5' title="bbox 259 1068 1321 1162; baseline 0.002 -21"><span class='ocrx_word' id='word_1_18' title='bbox 259 1068 379 1141; x_wconf 90' lang='lat' dir='ltr'><strong>omnia</strong></span> <span class='ocrx_word' id='word_1_19' title='bbox 406 1068 562 1160; x_wconf 84' lang='lat' dir='ltr'><strong>denique</strong></span> <span class='ocrx_word' id='word_1_20' title='bbox 588 1088 669 1160; x_wconf 92' lang='lat' dir='ltr'><strong>quae</strong></span> <span class='ocrx_word' id='word_1_21' title='bbox 693 1070 829 1142; x_wconf 90' lang='lat' dir='ltr'><strong>civibus</strong></span> <span class='ocrx_word' id='word_1_22' title='bbox 849 1077 884 1142; x_wconf 92' lang='lat' dir='ltr'><strong>et</strong></span> <span class='ocrx_word' id='word_1_23' title='bbox 906 1072 1174 1162; x_wconf 90' lang='lat' dir='ltr'><strong>magistratibus</strong></span> <span class='ocrx_word' id='word_1_24' title='bbox 1193 1074 1321 1144; x_wconf 91' lang='lat' dir='ltr'><strong>mereri</strong></span> 
     </span>
     <span class='ocr_line' id='line_1_6' title="bbox 258 1193 1321 1287; baseline 0.003 -21"><span class='ocrx_word' id='word_1_25' title='bbox 258 1194 398 1266; x_wconf 76' lang='lat' dir='ltr'><strong>licebat.</strong></span> <span class='ocrx_word' id='word_1_26' title='bbox 430 1193 570 1266; x_wconf 87' lang='lat' dir='ltr'><strong>Etenim</strong></span> <span class='ocrx_word' id='word_1_27' title='bbox 607 1195 739 1284; x_wconf 90' lang='lat' dir='ltr'><strong>regiam</strong></span> <span class='ocrx_word' id='word_1_28' title='bbox 769 1194 978 1287; x_wconf 90' lang='lat' dir='ltr'><strong>dignitatem</strong></span> <span class='ocrx_word' id='word_1_29' title='bbox 1007 1214 1128 1286; x_wconf 91' lang='lat' dir='ltr'><strong>parem</strong></span> <span class='ocrx_word' id='word_1_30' title='bbox 1157 1195 1321 1286; x_wconf 81' lang='lat' dir='ltr'><strong>dignitati</strong></span> 
     </span>
     <span class='ocr_line' id='line_1_7' title="bbox 258 1319 1318 1413; baseline 0.005 -24"><span class='ocrx_word' id='word_1_31' title='bbox 258 1319 529 1409; x_wconf 83' lang='lat' dir='ltr'><strong>magistratuum</strong></span> <span class='ocrx_word' id='word_1_32' title='bbox 557 1319 747 1409; x_wconf 89' lang='lat' dir='ltr'><strong>imperium</strong></span> <span class='ocrx_word' id='word_1_33' title='bbox 776 1320 1016 1392; x_wconf 77' lang='lat' dir='ltr'><strong>exercentium</strong></span> <span class='ocrx_word' id='word_1_34' title='bbox 1041 1321 1163 1393; x_wconf 87' lang='lat' dir='ltr'><strong>liberae</strong></span> <span class='ocrx_word' id='word_1_35' title='bbox 1181 1323 1231 1393; x_wconf 93' lang='lat' dir='ltr'><strong>rei</strong></span> <span class='ocrx_word' id='word_1_36' title='bbox 1251 1341 1318 1413; x_wconf 90' lang='lat' dir='ltr'><strong>pu-</strong></span> 
     </span>
     <span class='ocr_line' id='line_1_8' title="bbox 258 1443 1321 1534; baseline 0.002 -19"><span class='ocrx_word' id='word_1_37' title='bbox 258 1443 359 1515; x_wconf 88' lang='lat' dir='ltr'><strong>blicae</strong></span> <span class='ocrx_word' id='word_1_38' title='bbox 379 1443 601 1534; x_wconf 82' lang='lat' dir='ltr'><strong>temporibus</strong></span> <span class='ocrx_word' id='word_1_39' title='bbox 629 1445 777 1515; x_wconf 88' lang='lat' dir='ltr'><strong>Romani</strong></span> <span class='ocrx_word' id='word_1_40' title='bbox 799 1445 1110 1527; x_wconf 83' lang='lat' dir='ltr'><strong>existimaverant,</strong></span> <span class='ocrx_word' id='word_1_41' title='bbox 1140 1446 1190 1516; x_wconf 88' lang='lat' dir='ltr'><strong>ita</strong></span> <span class='ocrx_word' id='word_1_42' title='bbox 1218 1451 1257 1517; x_wconf 88' lang='lat' dir='ltr'><strong>ut</strong></span> <span class='ocrx_word' id='word_1_43' title='bbox 1282 1445 1321 1517; x_wconf 90' lang='lat' dir='ltr'><strong>in</strong></span> 
     </span>
     <span class='ocr_line' id='line_1_9' title="bbox 258 1568 1320 1660; baseline 0.001 -19"><span class='ocrx_word' id='word_1_44' title='bbox 258 1568 414 1641; x_wconf 88' lang='lat' dir='ltr'><strong>exercitu</strong></span> <span class='ocrx_word' id='word_1_45' title='bbox 437 1587 499 1640; x_wconf 93' lang='lat' dir='ltr'><strong>rex</strong></span> <span class='ocrx_word' id='word_1_46' title='bbox 519 1587 598 1640; x_wconf 92' lang='lat' dir='ltr'><strong>cum</strong></span> <span class='ocrx_word' id='word_1_47' title='bbox 624 1576 775 1659; x_wconf 90' lang='lat' dir='ltr'><strong>praetore</strong></span> <span class='ocrx_word' id='word_1_48' title='bbox 801 1575 862 1640; x_wconf 91' lang='lat' dir='ltr'><strong>aut</strong></span> <span class='ocrx_word' id='word_1_49' title='bbox 886 1570 1032 1641; x_wconf 90' lang='lat' dir='ltr'><strong>consule</strong></span> <span class='ocrx_word' id='word_1_50' title='bbox 1059 1589 1122 1660; x_wconf 93' lang='lat' dir='ltr'><strong>pro</strong></span> <span class='ocrx_word' id='word_1_51' title='bbox 1148 1569 1320 1642; x_wconf 89' lang='lat' dir='ltr'><strong>tribunali</strong></span> 
     </span>
     <span class='ocr_line' id='line_1_10' title="bbox 258 1677 1321 1785; baseline 0 -19"><span class='ocrx_word' id='word_1_52' title='bbox 258 1694 415 1776; x_wconf 92' lang='lat' dir='ltr'><strong>sederet,</strong></span> <span class='ocrx_word' id='word_1_53' title='bbox 433 1712 551 1784; x_wconf 87' lang='lat' dir='ltr'><strong>neque</strong></span> <span class='ocrx_word' id='word_1_54' title='bbox 571 1711 652 1765; x_wconf 91' lang='lat' dir='ltr'><strong>eum</strong></span> <span class='ocrx_word' id='word_1_55' title='bbox 674 1694 813 1766; x_wconf 88' lang='lat' dir='ltr'><strong>sedenti</strong></span> <span class='ocrx_word' id='word_1_56' title='bbox 834 1693 1041 1785; x_wconf 88' lang='lat' dir='ltr'><strong>adspectare</strong></span> <span class='ocrx_word' id='word_1_57' title='bbox 1059 1677 1195 1779; x_wconf 87' lang='lat' dir='ltr'><strong>liceret,</strong></span> <span class='ocrx_word' id='word_1_58' title='bbox 1214 1701 1249 1766; x_wconf 88' lang='lat' dir='ltr'><strong>et</strong></span> <span class='ocrx_word' id='word_1_59' title='bbox 1268 1712 1321 1767; x_wconf 93' lang='lat' dir='ltr'><strong>so-</strong></span> 
     </span>
     <span class='ocr_line' id='line_1_11' title="bbox 257 1818 1320 1909; baseline 0.002 -21"><span class='ocrx_word' id='word_1_60' title='bbox 257 1818 313 1890; x_wconf 93' lang='lat' dir='ltr'><strong>lus</strong></span> <span class='ocrx_word' id='word_1_61' title='bbox 333 1824 461 1908; x_wconf 91' lang='lat' dir='ltr'><strong>praeter</strong></span> <span class='ocrx_word' id='word_1_62' title='bbox 481 1818 731 1909; x_wconf 88' lang='lat' dir='ltr'><strong>imperatorem</strong></span> <span class='ocrx_word' id='word_1_63' title='bbox 751 1838 947 1909; x_wconf 89' lang='lat' dir='ltr'><strong>purpuram</strong></span> <span class='ocrx_word' id='word_1_64' title='bbox 974 1819 1159 1904; x_wconf 90' lang='lat' dir='ltr'><strong>indueret,</strong></span> <span class='ocrx_word' id='word_1_65' title='bbox 1181 1820 1320 1892; x_wconf 89' lang='lat' dir='ltr'><strong>ltaliam</strong></span> 
     </span>
     <span class='ocr_line' id='line_1_12' title="bbox 256 1943 1320 2034; baseline 0.002 -20"><span class='ocrx_word' id='word_1_66' title='bbox 256 1944 494 2034; x_wconf 82' lang='lat' dir='ltr'><strong>appellantem</strong></span> <span class='ocrx_word' id='word_1_67' title='bbox 524 1949 704 2033; x_wconf 85' lang='lat' dir='ltr'><strong>quaestor,</strong></span> <span class='ocrx_word' id='word_1_68' title='bbox 733 1943 913 2015; x_wconf 90' lang='lat' dir='ltr'><strong>interdum</strong></span> <span class='ocrx_word' id='word_1_69' title='bbox 946 1951 983 2016; x_wconf 88' lang='lat' dir='ltr'><strong>et</strong></span> <span class='ocrx_word' id='word_1_70' title='bbox 1010 1951 1162 2034; x_wconf 83' lang='lat' dir='ltr'><strong>praetor,</strong></span> <span class='ocrx_word' id='word_1_71' title='bbox 1193 1944 1320 2019; x_wconf 90' lang='lat' dir='ltr'><strong>saltem</strong></span> 
     </span>
     <span class='ocr_line' id='line_1_13' title="bbox 259 2068 1318 2160; baseline 0.002 -20"><span class='ocrx_word' id='word_1_72' title='bbox 259 2073 401 2140; x_wconf 91' lang='lat' dir='ltr'><strong>senator</strong></span> <span class='ocrx_word' id='word_1_73' title='bbox 416 2069 592 2159; x_wconf 83' lang='lat' dir='ltr'><strong>exciperet</strong></span> <span class='ocrx_word' id='word_1_74' title='bbox 602 2087 644 2140; x_wconf 90' lang='lat' dir='ltr'><strong>ac</strong></span> <span class='ocrx_word' id='word_1_75' title='bbox 659 2071 805 2140; x_wconf 86' lang='lat' dir='ltr'><strong>Romam</strong></span> <span class='ocrx_word' id='word_1_76' title='bbox 822 2068 1062 2154; x_wconf 88' lang='lat' dir='ltr'><strong>comitaretur,</strong></span> <span class='ocrx_word' id='word_1_77' title='bbox 1074 2070 1318 2160; x_wconf 87' lang='lat' dir='ltr'><strong>Herodesque,</strong></span> 
     </span>
     <span class='ocr_line' id='line_1_14' title="bbox 257 2193 1317 2282; baseline -0.004 -18"><span class='ocrx_word' id='word_1_78' title='bbox 257 2193 319 2282; x_wconf 88' lang='lat' dir='ltr'><strong>qui</strong></span> <span class='ocrx_word' id='word_1_79' title='bbox 339 2193 452 2265; x_wconf 90' lang='lat' dir='ltr'><strong>multo</strong></span> <span class='ocrx_word' id='word_1_80' title='bbox 470 2193 562 2264; x_wconf 92' lang='lat' dir='ltr'><strong>luba</strong></span> <span class='ocrx_word' id='word_1_81' title='bbox 587 2195 705 2265; x_wconf 91' lang='lat' dir='ltr'><strong>minor</strong></span> <span class='ocrx_word' id='word_1_82' title='bbox 731 2193 817 2278; x_wconf 89' lang='lat' dir='ltr'><strong>luit,</strong></span> <span class='ocrx_word' id='word_1_83' title='bbox 841 2194 934 2266; x_wconf 89' lang='lat' dir='ltr'><strong>inter</strong></span> <span class='ocrx_word' id='word_1_84' title='bbox 958 2194 1133 2266; x_wconf 82' lang='lat' dir='ltr'><strong>Caesarem</strong></span> <span class='ocrx_word' id='word_1_85' title='bbox 1153 2201 1188 2267; x_wconf 90' lang='lat' dir='ltr'><strong>et</strong></span> <span class='ocrx_word' id='word_1_86' title='bbox 1206 2193 1317 2268; x_wconf 65' lang='lat' dir='ltr'><strong>Anto-</strong></span> 
     </span>
     <span class='ocr_line' id='line_1_15' title="bbox 256 2317 1318 2411; baseline 0.003 -22"><span class='ocrx_word' id='word_1_87' title='bbox 256 2318 357 2390; x_wconf 91' lang='lat' dir='ltr'><strong>nium</strong></span> <span class='ocrx_word' id='word_1_88' title='bbox 376 2337 398 2388; x_wconf 90' lang='lat' dir='ltr'><strong>a</strong></span> <span class='ocrx_word' id='word_1_89' title='bbox 417 2317 549 2409; x_wconf 88' lang='lat' dir='ltr'><strong>quibus</strong></span> <span class='ocrx_word' id='word_1_90' title='bbox 570 2337 634 2390; x_wconf 90' lang='lat' dir='ltr'><strong>rex</strong></span> <span class='ocrx_word' id='word_1_91' title='bbox 653 2319 853 2410; x_wconf 89' lang='lat' dir='ltr'><strong>appellatus</strong></span> <span class='ocrx_word' id='word_1_92' title='bbox 872 2326 947 2391; x_wconf 90' lang='lat' dir='ltr'><strong>erat</strong></span> <span class='ocrx_word' id='word_1_93' title='bbox 966 2318 1004 2389; x_wconf 90' lang='lat' dir='ltr'><strong>in</strong></span> <span class='ocrx_word' id='word_1_94' title='bbox 1024 2319 1239 2411; x_wconf 84' lang='lat' dir='ltr'><strong>Capitolium</strong></span> <span class='ocrx_word' id='word_1_95' title='bbox 1259 2339 1318 2392; x_wconf 92' lang='lat' dir='ltr'><strong>as·</strong></span> 
     </span>
     <span class='ocr_line' id='line_1_16' title="bbox 256 2441 501 2548; baseline 0.004 -34"><span class='ocrx_word' id='word_1_96' title='bbox 256 2441 414 2515; x_wconf 90' lang='lat' dir='ltr'><strong>cenderit</strong></span> <span class='ocrx_word' id='word_1_97' title='bbox 437 2441 501 2548; x_wconf 74' lang='lat'>(¹.)·</span> 
     </span>
    </p>

    <p class='ocr_par' dir='ltr' id='par_1_3' title="bbox 251 2568 1430 3786">
     <span class='ocr_line' id='line_1_17' title="bbox 303 2568 1327 2662; baseline -0.002 -22"><span class='ocrx_word' id='word_1_98' title='bbox 303 2568 353 2640; x_wconf 88' lang='lat' dir='ltr'><strong>Ea</strong></span> <span class='ocrx_word' id='word_1_99' title='bbox 374 2569 495 2641; x_wconf 91' lang='lat' dir='ltr'><strong>omnia</strong></span> <span class='ocrx_word' id='word_1_100' title='bbox 513 2568 641 2640; x_wconf 89' lang='lat' dir='ltr'><strong>Jubam</strong></span> <span class='ocrx_word' id='word_1_101' title='bbox 662 2569 850 2660; x_wconf 89' lang='lat' dir='ltr'><strong>liliumque</strong></span> <span class='ocrx_word' id='word_1_102' title='bbox 870 2574 951 2660; x_wconf 91' lang='lat' dir='ltr'><strong>post</strong></span> <span class='ocrx_word' id='word_1_103' title='bbox 973 2588 1055 2642; x_wconf 91' lang='lat' dir='ltr'><strong>eum</strong></span> <span class='ocrx_word' id='word_1_104' title='bbox 1075 2589 1096 2640; x_wconf 92' lang='lat' dir='ltr'><strong>a</strong></span> <span class='ocrx_word' id='word_1_105' title='bbox 1116 2589 1146 2641; x_wconf 92' lang='lat' dir='ltr'><strong>s.</strong></span> <span class='ocrx_word' id='word_1_106' title='bbox 1168 2590 1204 2662; x_wconf 92' lang='lat' dir='ltr'><strong>p.</strong></span> <span class='ocrx_word' id='word_1_107' title='bbox 1228 2589 1263 2661; x_wconf 88' lang='lat' dir='ltr'><strong>q.</strong></span> <span class='ocrx_word' id='word_1_108' title='bbox 1287 2590 1327 2641; x_wconf 71' lang='lat' dir='ltr'><strong>r,</strong></span> 
     </span>
     <span class='ocr_line' id='line_1_18' title="bbox 255 2691 1319 2784; baseline 0.003 -21"><span class='ocrx_word' id='word_1_109' title='bbox 255 2691 426 2764; x_wconf 89' lang='lat' dir='ltr'><strong>habuisse</strong></span> <span class='ocrx_word' id='word_1_110' title='bbox 441 2700 602 2765; x_wconf 87' lang='lat' dir='ltr'><strong>auctores</strong></span> <span class='ocrx_word' id='word_1_111' title='bbox 618 2694 830 2784; x_wconf 87' lang='lat' dir='ltr'><strong>nummique</strong></span> <span class='ocrx_word' id='word_1_112' title='bbox 845 2693 986 2766; x_wconf 87' lang='lat' dir='ltr'><strong>docent.</strong></span> <span class='ocrx_word' id='word_1_113' title='bbox 1009 2695 1108 2767; x_wconf 85' lang='lat' dir='ltr'><strong>Caeso</strong></span> <span class='ocrx_word' id='word_1_114' title='bbox 1124 2694 1220 2766; x_wconf 90' lang='lat' dir='ltr'><strong>enim</strong></span> <span class='ocrx_word' id='word_1_115' title='bbox 1237 2694 1319 2766; x_wconf 84' lang='lat' dir='ltr'><strong>Tac·</strong></span> 
     </span>
     <span class='ocr_line' id='line_1_19' title="bbox 255 2817 1319 2910; baseline 0.001 -21"><span class='ocrx_word' id='word_1_116' title='bbox 255 2817 422 2902; x_wconf 89' lang='lat' dir='ltr'><strong>larinate,</strong></span> <span class='ocrx_word' id='word_1_117' title='bbox 455 2818 663 2901; x_wconf 90' lang='lat' dir='ltr'><strong>Ptolemaeo,</strong></span> <span class='ocrx_word' id='word_1_118' title='bbox 694 2826 785 2891; x_wconf 91' lang='lat' dir='ltr'><strong>teste</strong></span> <span class='ocrx_word' id='word_1_119' title='bbox 818 2820 957 2902; x_wconf 87' lang='lat' dir='ltr'><strong>Tacito,</strong></span> <span class='ocrx_word' id='word_1_120' title='bbox 992 2827 1046 2892; x_wconf 90' lang='lat' dir='ltr'><strong>est</strong></span> <span class='ocrx_word' id='word_1_121' title='bbox 1075 2820 1246 2910; x_wconf 91' lang='lat' dir='ltr'><strong>repetitus</strong></span> <span class='ocrx_word' id='word_1_122' title='bbox 1275 2839 1319 2891; x_wconf 93' lang='lat' dir='ltr'><strong>ex</strong></span> 
     </span>
     <span class='ocr_line' id='line_1_20' title="bbox 254 2945 1318 3037; baseline 0.003 -23"><span class='ocrx_word' id='word_1_123' title='bbox 254 2949 391 3016; x_wconf 88' lang='lat' dir='ltr'><strong>vetusto</strong></span> <span class='ocrx_word' id='word_1_124' title='bbox 423 2962 521 3016; x_wconf 90' lang='lat' dir='ltr'><strong>more</strong></span> <span class='ocrx_word' id='word_1_125' title='bbox 551 2946 685 3030; x_wconf 89' lang='lat' dir='ltr'><strong>bonos,</strong></span> <span class='ocrx_word' id='word_1_126' title='bbox 718 2945 924 3036; x_wconf 87' lang='lat' dir='ltr'><strong>missusque</strong></span> <span class='ocrx_word' id='word_1_127' title='bbox 951 2965 970 3018; x_wconf 92' lang='lat' dir='ltr'><strong>e</strong></span> <span class='ocrx_word' id='word_1_128' title='bbox 1000 2946 1226 3019; x_wconf 88' lang='lat' dir='ltr'><strong>senatoribus</strong></span> <span class='ocrx_word' id='word_1_129' title='bbox 1255 2945 1318 3037; x_wconf 86' lang='lat' dir='ltr'><strong>qui</strong></span> 
     </span>
     <span class='ocr_line' id='line_1_21' title="bbox 255 3067 1315 3161; baseline 0.004 -23"><span class='ocrx_word' id='word_1_130' title='bbox 255 3067 448 3159; x_wconf 90' lang='lat' dir='ltr'><strong>scipionem</strong></span> <span class='ocrx_word' id='word_1_131' title='bbox 468 3069 687 3153; x_wconf 90' lang='lat' dir='ltr'><strong>eburneum,</strong></span> <span class='ocrx_word' id='word_1_132' title='bbox 705 3078 822 3161; x_wconf 91' lang='lat' dir='ltr'><strong>togam</strong></span> <span class='ocrx_word' id='word_1_133' title='bbox 841 3072 993 3161; x_wconf 88' lang='lat' dir='ltr'><strong>pictam,</strong></span> <span class='ocrx_word' id='word_1_134' title='bbox 1012 3071 1161 3160; x_wconf 85' lang='lat' dir='ltr'><strong>antiqua</strong></span> <span class='ocrx_word' id='word_1_135' title='bbox 1175 3076 1315 3161; x_wconf 89' lang='lat' dir='ltr'><strong>patrum</strong></span> 
     </span>
     <span class='ocr_line' id='line_1_22' title="bbox 254 3193 1315 3286; baseline 0.004 -23"><span class='ocrx_word' id='word_1_136' title='bbox 254 3211 403 3264; x_wconf 91' lang='lat' dir='ltr'><strong>munera</strong></span> <span class='ocrx_word' id='word_1_137' title='bbox 435 3193 553 3277; x_wconf 91' lang='lat' dir='ltr'><strong>daret,</strong></span> <span class='ocrx_word' id='word_1_138' title='bbox 583 3212 773 3286; x_wconf 87' lang='lat' dir='ltr'><strong>regemque</strong></span> <span class='ocrx_word' id='word_1_139' title='bbox 803 3201 837 3266; x_wconf 94' lang='lat' dir='ltr'><strong>et</strong></span> <span class='ocrx_word' id='word_1_140' title='bbox 863 3195 999 3266; x_wconf 91' lang='lat' dir='ltr'><strong>socium</strong></span> <span class='ocrx_word' id='word_1_141' title='bbox 1027 3201 1135 3284; x_wconf 87' lang='lat' dir='ltr'><strong>atque</strong></span> <span class='ocrx_word' id='word_1_142' title='bbox 1162 3195 1315 3267; x_wconf 91' lang='lat' dir='ltr'><strong>amicum</strong></span> 
     </span>
     <span class='ocr_line' id='line_1_23' title="bbox 253 3316 1316 3413; baseline 0.003 -25"><span class='ocrx_word' id='word_1_143' title='bbox 253 3318 447 3409; x_wconf 89' lang='lat' dir='ltr'><strong>appellaret</strong></span> <span class='ocrx_word' id='word_1_144' title='bbox 469 3316 516 3413; x_wconf 75' lang='lat'><strong>(2)</strong></span> <span class='ocrx_word' id='word_1_145' title='bbox 543 3343 551 3389; x_wconf 75' lang='grc' dir='ltr'>ε</span> <span class='ocrx_word' id='word_1_146' title='bbox 574 3338 615 3391; x_wconf 92' lang='lat' dir='ltr'><strong>ea</strong></span> <span class='ocrx_word' id='word_1_147' title='bbox 634 3326 752 3392; x_wconf 91' lang='lat' dir='ltr'><strong>autem</strong></span> <span class='ocrx_word' id='word_1_148' title='bbox 774 3320 895 3390; x_wconf 89' lang='lat' dir='ltr'><strong>omnia</strong></span> <span class='ocrx_word' id='word_1_149' title='bbox 915 3319 1129 3391; x_wconf 85' lang='lat' dir='ltr'><strong>Ptolemaeus</strong></span> <span class='ocrx_word' id='word_1_150' title='bbox 1148 3320 1187 3390; x_wconf 91' lang='lat' dir='ltr'><strong>iu</strong></span> <span class='ocrx_word' id='word_1_151' title='bbox 1211 3339 1316 3391; x_wconf 91' lang='lat' dir='ltr'><strong>num·</strong></span> 
     </span>
     <span class='ocr_line' id='line_1_24' title="bbox 251 3443 1315 3541; baseline 0.004 -27"><span class='ocrx_word' id='word_1_152' title='bbox 251 3443 319 3515; x_wconf 91' lang='lat' dir='ltr'><strong>mis</strong></span> <span class='ocrx_word' id='word_1_153' title='bbox 339 3445 415 3516; x_wconf 90' lang='lat' dir='ltr'><strong>suis</strong></span> <span class='ocrx_word' id='word_1_154' title='bbox 435 3443 554 3536; x_wconf 87' lang='lat' dir='ltr'><strong>effingi</strong></span> <span class='ocrx_word' id='word_1_155' title='bbox 570 3446 704 3517; x_wconf 90' lang='lat' dir='ltr'><strong>curavit</strong></span> <span class='ocrx_word' id='word_1_156' title='bbox 723 3443 788 3541; x_wconf 80' lang='lat'><strong>(5),</strong></span> <span class='ocrx_word' id='word_1_157' title='bbox 806 3444 953 3535; x_wconf 74' lang='lat' dir='ltr'><strong>adiectis</strong></span> <span class='ocrx_word' id='word_1_158' title='bbox 971 3464 1052 3537; x_wconf 77' lang='lat' dir='ltr'><strong>quae</strong></span> <span class='ocrx_word' id='word_1_159' title='bbox 1068 3446 1208 3518; x_wconf 88' lang='lat' dir='ltr'><strong>Tacitus</strong></span> <span class='ocrx_word' id='word_1_160' title='bbox 1227 3447 1315 3518; x_wconf 90' lang='lat' dir='ltr'><strong>omi·</strong></span> 
     </span>
     <span class='ocr_line' id='line_1_25' title="bbox 252 3571 1316 3662; baseline 0.003 -21"><span class='ocrx_word' id='word_1_161' title='bbox 252 3571 298 3643; x_wconf 90' lang='lat' dir='ltr'><strong>sit</strong></span> <span class='ocrx_word' id='word_1_162' title='bbox 317 3589 425 3642; x_wconf 90' lang='lat' dir='ltr'><strong>aurea</strong></span> <span class='ocrx_word' id='word_1_163' title='bbox 443 3589 574 3642; x_wconf 87' lang='lat' dir='ltr'><strong>corona</strong></span> <span class='ocrx_word' id='word_1_164' title='bbox 592 3578 627 3643; x_wconf 91' lang='lat' dir='ltr'><strong>et</strong></span> <span class='ocrx_word' id='word_1_165' title='bbox 641 3590 826 3643; x_wconf 89' lang='lat' dir='ltr'><strong>scamnum</strong></span> <span class='ocrx_word' id='word_1_166' title='bbox 844 3571 1127 3662; x_wconf 86' lang='lat' dir='ltr'><strong>suppedaneum,</strong></span> <span class='ocrx_word' id='word_1_167' title='bbox 1146 3578 1180 3644; x_wconf 90' lang='lat' dir='ltr'><strong>et</strong></span> <span class='ocrx_word' id='word_1_168' title='bbox 1195 3591 1316 3644; x_wconf 91' lang='lat' dir='ltr'><strong>revera</strong></span> 
     </span>
     <span class='ocr_line' id='line_1_26' title="bbox 251 3671 1430 3786; baseline 0.002 -22"><span class='ocrx_word' id='word_1_169' title='bbox 251 3694 303 3764; x_wconf 93' lang='lat' dir='ltr'><strong>nil</strong></span> <span class='ocrx_word' id='word_1_170' title='bbox 322 3694 422 3767; x_wconf 93' lang='lat' dir='ltr'><strong>aliud</strong></span> <span class='ocrx_word' id='word_1_171' title='bbox 442 3702 526 3767; x_wconf 90' lang='lat' dir='ltr'><strong>sunt</strong></span> <span class='ocrx_word' id='word_1_172' title='bbox 546 3698 661 3786; x_wconf 89' lang='lat' dir='ltr'><strong>quam&#39;</strong></span> <span class='ocrx_word' id='word_1_173' title='bbox 674 3702 867 3786; x_wconf 90' lang='lat' dir='ltr'><strong>praetorum</strong></span> <span class='ocrx_word' id='word_1_174' title='bbox 891 3695 1190 3786; x_wconf 86' lang='lat' dir='ltr'><strong>triumphantium</strong></span> <span class='ocrx_word' id='word_1_175' title='bbox 1211 3713 1314 3766; x_wconf 90' lang='lat' dir='ltr'><strong>orna·</strong></span> <span class='ocrx_word' id='word_1_176' title='bbox 1364 3671 1368 3682; x_wconf 69' lang='grc'><strong>’</strong></span> <span class='ocrx_word' id='word_1_177' title='bbox 1423 3731 1430 3742; x_wconf 87' lang='grc'>·</span> 
     </span>
    </p>
   </div>
   <div class='ocr_carea' id='block_1_3' title="bbox 251 3820 1315 3916">
    <p class='ocr_par' dir='ltr' id='par_1_4' title="bbox 251 3820 1315 3916">
     <span class='ocr_line' id='line_1_27' title="bbox 251 3820 1315 3916; baseline 0.005 -26"><span class='ocrx_word' id='word_1_178' title='bbox 251 3826 384 3891; x_wconf 88' lang='lat' dir='ltr'><strong>manta.</strong></span> <span class='ocrx_word' id='word_1_179' title='bbox 413 3820 505 3892; x_wconf 88' lang='lat' dir='ltr'><strong>Juba</strong></span> <span class='ocrx_word' id='word_1_180' title='bbox 523 3828 642 3893; x_wconf 90' lang='lat' dir='ltr'><strong>autem</strong></span> <span class='ocrx_word' id='word_1_181' title='bbox 662 3822 700 3892; x_wconf 92' lang='lat' dir='ltr'><strong>iu</strong></span> <span class='ocrx_word' id='word_1_182' title='bbox 721 3822 879 3893; x_wconf 91' lang='lat' dir='ltr'><strong>nummis</strong></span> <span class='ocrx_word' id='word_1_183' title='bbox 900 3821 975 3916; x_wconf 89' lang='lat' dir='ltr'><strong>suis</strong></span> <span class='ocrx_word' id='word_1_184' title='bbox 995 3821 1152 3912; x_wconf 88' lang='lat' dir='ltr'><strong>insignia</strong></span> <span class='ocrx_word' id='word_1_185' title='bbox 1171 3839 1315 3913; x_wconf 88' lang='lat' dir='ltr'><strong>quoquc</strong></span> 
     </span>
    </p>
   </div>
   <div class='ocr_carea' id='block_1_4' title="bbox 281 4151 838 4398">
    <p class='ocr_par' dir='ltr' id='par_1_5' title="bbox 281 4151 838 4398">
     <span class='ocr_line' id='line_1_28' title="bbox 281 4151 838 4220; baseline -0.002 -12"><span class='ocrx_word' id='word_1_186' title='bbox 281 4155 315 4220; x_wconf 80' lang='lat' dir='ltr'><strong>(l)</strong></span> <span class='ocrx_word' id='word_1_187' title='bbox 330 4151 415 4216; x_wconf 88' lang='lat' dir='ltr'><strong>Bohu,</strong></span> <span class='ocrx_word' id='word_1_188' title='bbox 430 4155 463 4207; x_wconf 80' lang='lat' dir='ltr'><strong>lle</strong></span> <span class='ocrx_word' id='word_1_189' title='bbox 474 4156 624 4208; x_wconf 73' lang='lat' dir='ltr'><strong>conditione</strong></span> <span class='ocrx_word' id='word_1_190' title='bbox 637 4169 733 4220; x_wconf 75' lang='lat' dir='ltr'><strong>rapum,</strong></span> <span class='ocrx_word' id='word_1_191' title='bbox 749 4171 774 4208; x_wconf 84' lang='lat' dir='ltr'><strong>c.</strong></span> <span class='ocrx_word' id='word_1_192' title='bbox 789 4155 838 4208; x_wconf 88' lang='grc' dir='ltr'><strong>ΙΙΙ.</strong></span> 
     </span>
     <span class='ocr_line' id='line_1_29' title="bbox 284 4244 614 4310; baseline 0.009 -15"><span class='ocrx_word' id='word_1_193' title='bbox 284 4245 318 4310; x_wconf 72' lang='lat' dir='ltr'><strong>(i)</strong></span> <span class='ocrx_word' id='word_1_194' title='bbox 331 4244 404 4309; x_wconf 78' lang='lat' dir='ltr'><strong>Tac,</strong></span> <span class='ocrx_word' id='word_1_195' title='bbox 417 4247 498 4308; x_wconf 73' lang='lat' dir='ltr'><strong>dnm,</strong></span> <span class='ocrx_word' id='word_1_196' title='bbox 514 4244 561 4306; x_wconf 83' lang='lat' dir='ltr'><strong>IV,</strong></span> <span class='ocrx_word' id='word_1_197' title='bbox 575 4245 614 4300; x_wconf 77' lang='lat'><strong>26.</strong></span> 
     </span>
     <span class='ocr_line' id='line_1_30' title="bbox 284 4334 702 4398; baseline 0.002 -14"><span class='ocrx_word' id='word_1_198' title='bbox 284 4334 318 4398; x_wconf 80' lang='lat' dir='ltr'><strong>(a)</strong></span> <span class='ocrx_word' id='word_1_199' title='bbox 331 4334 417 4397; x_wconf 78' lang='lat' dir='ltr'><strong>uun,</strong></span> <span class='ocrx_word' id='word_1_200' title='bbox 433 4334 481 4396; x_wconf 92' lang='lat' dir='ltr'><strong>m,</strong></span> <span class='ocrx_word' id='word_1_201' title='bbox 496 4349 569 4388; x_wconf 83' lang='lat' dir='ltr'><strong>num.</strong></span> <span class='ocrx_word' id='word_1_202' title='bbox 586 4335 702 4387; x_wconf 77' lang='lat' dir='ltr'><strong>ras-lea.</strong></span> 
     </span>
    </p>
   </div>
   <div class='ocr_carea' id='block_1_5' title="bbox 0 0 1754 5324">
    <p class='ocr_par' dir='ltr' id='par_1_6' title="bbox 0 0 1754 5324">
     <span class='ocr_line' id='line_1_31' title="bbox 0 0 1754 5324; baseline 0 3"><span class='ocrx_word' id='word_1_203' title='bbox 0 0 1754 5324; x_wconf 95' lang='lat' dir='ltr'><strong> </strong></span> 
     </span>
    </p>
   </div>
  </div>
 </body>
</html>
