3490 5318
748 586 927 649 -147-

302 722 383 794 dam
403 729 609 814 supersunt.
634 725 727 795 Sunt
746 725 879 814 saepius
899 724 1047 816 grandia
1066 743 1174 806 saxa,
1197 726 1273 797 loco
1292 727 1363 800 alto

302 867 323 918 a
341 854 470 920 natura
488 848 526 918 in
545 847 693 920 formam
708 849 789 939 plus
804 849 925 921 minus
945 849 1147 921 tabularum
1169 856 1360 933 exstructa,

304 990 384 1062 quae
408 978 544 1045 veteres
569 972 681 1046 Mauri
709 974 890 1065 elegerant
916 980 955 1046 ul
979 973 1144 1046 altarium
1168 975 1260 1047 vices
1280 993 1362 1065 age·
1398 1068 1400 1072 Ι

303 1102 394 1169 rent.
412 1093 530 1170 Unum
546 1104 581 1170 et
597 1097 770 1189 descripsi
785 1105 820 1170 ei
834 1097 1024 1179 delineari,
1042 1100 1193 1171 alterum
1210 1096 1365 1171 indicavi

304 1219 530 1293 inductivas
553 1221 613 1292 ries
636 1220 817 1317 Miramur,
840 1222 998 1306 senili,
1021 1229 1047 1295 t.
1069 1223 1100 1294 X
1120 1219 1183 1315 (l).
1206 1223 1246 1295 ln
1266 1230 1366 1315 parte

303 1345 402 1438 rupis
430 1348 635 1442 superiore,
656 1366 764 1439 quam
790 1347 934 1439 planam
954 1354 1082 1420 natura
1107 1346 1271 1430 dederat,
1293 1353 1366 1421 tres

302 1469 442 1542 lacuum
467 1471 505 1543 in
533 1471 683 1543 formam
711 1489 813 1544 cavos
839 1469 1051 1552 elicuerant,
1081 1490 1192 1544 unum
1224 1470 1292 1543 sub
1314 1471 1366 1543 al·

302 1601 376 1666 tero
396 1593 553 1687 positum
578 1595 628 1668 ita
652 1602 693 1668 ut
719 1594 916 1667 hostiarum
938 1595 1105 1686 sanguis,
1128 1602 1191 1667 aut
1217 1595 1248 1668 si
1277 1592 1366 1686 quid

302 1718 402 1792 aliud
420 1717 621 1811 liquidum,
650 1737 691 1791 ex
719 1719 962 1810 superiorein
989 1719 1193 1792 inferiorem
1223 1719 1363 1791 flueret.

303 1843 398 1936 ignis
423 1844 572 1937 insuper
598 1861 769 1916 accensus
795 1861 815 1915 e
840 1842 1037 1934 longinquo
1064 1843 1363 1935 conspiciebatur.

303 1968 448 2042 Memini
465 1969 570 2040 etiam
591 1968 728 2051 videre,
750 1967 789 2038 in
810 1967 987 2058 specubus
1006 1975 1067 2040 aut
1087 1967 1244 2060 scopulis
1264 1967 1367 2039 eaesis

304 2093 538 2165 sacrariorum
570 2093 785 2165 rusticorum
812 2093 851 2164 in
878 2092 1049 2180 modum,
1081 2092 1212 2165 multas
1246 2091 1367 2183 singu·

302 2217 387 2289 laris
417 2217 541 2290 lormae
574 2216 788 2300 incisiones,
823 2217 946 2308 procul
979 2216 1090 2290 dubio
1121 2235 1143 2290 a
1170 2216 1367 2290 cultoribus

305 2339 413 2413 laetas
438 2335 499 2435 (i).

352 2469 560 2540 Exterarum
589 2465 825 2556 religionum,
846 2466 987 2557 punicae
1003 2465 1144 2558 jamdiu
1163 2471 1369 2556 penetrave-

297 2597 397 2674 rant,
417 2597 451 2662 et
469 2591 652 2683 complura
668 2590 802 2663 indicia
819 2609 941 2663 earum
963 2591 1209 2663 inveniuntur.
1230 2587 1368 2675 Quibus

303 2713 399 2806 apud
417 2714 574 2787 urbanas
595 2723 719 2806 gentes
741 2734 900 2788 romanae
918 2733 996 2786 seso
1012 2716 1223 2806 junxerant,
1243 2719 1278 2785 et
1297 2730 1369 2818 una

302 2845 410 2928 atque
428 2837 536 2911 simul
551 2840 590 2911 in
606 2847 819 2931 perpetuum
834 2841 1036 2930 viguerunt.
1051 2839 1262 2930 AEgyptiaoae
1280 2856 1367 2927 quo·

304 2981 373 3053 que
393 2964 582 3038 inhonore
601 2972 716 3047 erant,
736 2985 757 3036 a
773 2965 985 3055 Cartbagine
1001 2962 1216 3055 jampridem
1234 2963 1365 3045 allatae,

303 3108 400 3166 nuno
428 3095 577 3183 insuper
609 3091 746 3162 invento
774 3090 896 3180 regina
927 3087 992 3182 (5).
1021 3088 1178 3173 Quarum
1206 3087 1365 3158 omnium

303 3225 387 3297 certi
413 3219 585 3312 temporis
612 3221 845 3288 monumenta
877 3212 991 3305 regios
1018 3230 1184 3283 nummos
1209 3211 1367 3283 indicare

302 3351 430 3441 placet.
445 3349 522 3418 lam
531 3361 699 3415 nummos
715 3342 861 3412 Selenes
873 3337 1027 3409 vidimus
1043 3337 1235 3429 aegyptiaca
1245 3335 1366 3407 omnia

303 3474 457 3545 ferentes
476 3495 484 3540 :
505 3469 806 3560 Hippopotamum
818 3470 853 3535 et
868 3461 1105 3544 Crocodilum,
1123 3460 1365 3550 quibusNilus

303 3596 538 3690 significatur,
561 3594 641 3664 lbln
660 3597 877 3682 pugnantem
895 3606 975 3659 oum
991 3589 1162 3678 serpente
1176 3587 1283 3667 alato,
1303 3584 1365 3674 qui

336 3906 369 3969 (l)
392 3907 488 3966 Vopnge
503 3901 608 3954 d'etude.
625 3914 650 3962 p.
667 3897 745 3946 iri-113
759 3901 784 3945 el
802 3894 857 3956 l193
874 3897 926 3946 tab.
941 3907 987 3954 vu,
1002 3894 1046 3957 lig.
1061 3893 1084 3950 ll,
1101 3905 1174 3942 num.
1188 3892 1212 3943 6.

334 3996 367 4058 (¹2)
386 3993 461 4048 ibid..
476 4005 501 4056 p.
515 3989 555 4040 lt.

333 4083 367 4148 (3)
386 4083 457 4132 lnler
473 4083 525 4130 alia
542 4077 684 4128 videndum
705 4080 745 4126 est
765 4089 875 4139 parvum
889 4072 966 4124 lovis
979 4071 1136 4122 Hammonis
1149 4078 1363 4131 monumentum,

302 4173 430 4225 Caesareae
446 4172 473 4219 in
491 4169 600 4218 thermis
622 4168 773 4226 inventum,
796 4166 873 4228 cujus
886 4164 1026 4227 imaginem
1042 4161 1115 4211 dedit
1126 4162 1239 4224 diligens
1257 4160 1298 4210 vir
1314 4159 1362 4209 Pb.

304 4265 403 4326 Berger
420 4262 447 4310 in
464 4260 565 4313 Gazette
580 4251 1008 4318 orcleologiquaannl).1880,oe
1023 4249 1364 4314 Trinitotcdortltopioiemi

302 4353 443 4402 disserens.
