<?xml version="1.0" encoding="UTF-8"?>
<!DOCTYPE html PUBLIC "-//W3C//DTD XHTML 1.0 Transitional//EN"
    "http://www.w3.org/TR/xhtml1/DTD/xhtml1-transitional.dtd">
<html xmlns="http://www.w3.org/1999/xhtml" xml:lang="en" lang="en">
 <head>
  <title>
</title>
<meta http-equiv="Content-Type" content="text/html;charset=utf-8" />
  <meta name='ocr-system' content='tesseract 3.04.00' />
  <meta name='ocr-capabilities' content='ocr_page ocr_carea ocr_par ocr_line ocrx_word'/>
</head>
<body>
  <div class='ocr_page' id='page_1' title='image "./deregejubaregis00blangoog_0164.png"; bbox 0 0 3490 5318; ppageno 0'>
   <div class='ocr_carea' id='block_1_1' title="bbox 266 1890 1336 4424">
    <p class='ocr_par' dir='ltr' id='par_1_1' title="bbox 267 1890 1336 2751">
     <span class='ocr_line' id='line_1_1' title="bbox 305 1890 1335 1961; baseline 0.002 -15"><span class='ocrx_word' id='word_1_1' title='bbox 305 1891 412 1961; x_wconf 77' lang='lat' dir='ltr'><strong>Habes,</strong></span> <span class='ocrx_word' id='word_1_2' title='bbox 421 1890 523 1946; x_wconf 82' lang='lat' dir='ltr'><strong>Lector</strong></span> <span class='ocrx_word' id='word_1_3' title='bbox 538 1891 687 1960; x_wconf 87' lang='lat' dir='ltr'><strong>benevole,</strong></span> <span class='ocrx_word' id='word_1_4' title='bbox 696 1908 770 1961; x_wconf 88' lang='lat' dir='ltr'><strong>opus</strong></span> <span class='ocrx_word' id='word_1_5' title='bbox 785 1894 893 1948; x_wconf 81' lang='lat' dir='ltr'><strong>iactum</strong></span> <span class='ocrx_word' id='word_1_6' title='bbox 904 1891 972 1946; x_wconf 92' lang='lat' dir='ltr'><strong>dum</strong></span> <span class='ocrx_word' id='word_1_7' title='bbox 984 1892 1050 1947; x_wconf 85' lang='lat' dir='ltr'><strong>irinc</strong></span> <span class='ocrx_word' id='word_1_8' title='bbox 1060 1893 1138 1948; x_wconf 88' lang='lat' dir='ltr'><strong>illine</strong></span> <span class='ocrx_word' id='word_1_9' title='bbox 1149 1899 1258 1957; x_wconf 87' lang='lat' dir='ltr'><strong>auctor,</strong></span> <span class='ocrx_word' id='word_1_10' title='bbox 1267 1909 1335 1948; x_wconf 85' lang='lat' dir='ltr'><strong>ves-</strong></span> 
     </span>
     <span class='ocr_line' id='line_1_2' title="bbox 269 1988 1335 2062; baseline 0.002 -18"><span class='ocrx_word' id='word_1_11' title='bbox 269 1990 338 2060; x_wconf 88' lang='lat' dir='ltr'><strong>tigia</strong></span> <span class='ocrx_word' id='word_1_12' title='bbox 351 1995 480 2045; x_wconf 86' lang='lat' dir='ltr'><strong>veterum</strong></span> <span class='ocrx_word' id='word_1_13' title='bbox 492 2006 543 2061; x_wconf 88' lang='lat' dir='ltr'><strong>per</strong></span> <span class='ocrx_word' id='word_1_14' title='bbox 553 1988 759 2046; x_wconf 89' lang='lat' dir='ltr'><strong>Mauretaniam</strong></span> <span class='ocrx_word' id='word_1_15' title='bbox 773 1991 923 2061; x_wconf 87' lang='lat' dir='ltr'><strong>indagans,</strong></span> <span class='ocrx_word' id='word_1_16' title='bbox 935 1990 991 2045; x_wconf 88' lang='lat' dir='ltr'><strong>ritu</strong></span> <span class='ocrx_word' id='word_1_17' title='bbox 1002 1989 1166 2045; x_wconf 82' lang='lat' dir='ltr'>Nomadum</span> <span class='ocrx_word' id='word_1_18' title='bbox 1177 1997 1206 2046; x_wconf 92' lang='lat' dir='ltr'><strong>et</strong></span> <span class='ocrx_word' id='word_1_19' title='bbox 1217 1992 1279 2062; x_wconf 87' lang='lat' dir='ltr'><strong>ipse</strong></span> <span class='ocrx_word' id='word_1_20' title='bbox 1291 2010 1335 2046; x_wconf 90' lang='lat' dir='ltr'><strong>va-</strong></span> 
     </span>
     <span class='ocr_line' id='line_1_3' title="bbox 268 2087 1335 2161; baseline 0.001 -17"><span class='ocrx_word' id='word_1_21' title='bbox 268 2087 366 2160; x_wconf 80' lang='lat' dir='ltr'><strong>gatur,</strong></span> <span class='ocrx_word' id='word_1_22' title='bbox 385 2094 451 2160; x_wconf 87' lang='lat' dir='ltr'><strong>post</strong></span> <span class='ocrx_word' id='word_1_23' title='bbox 466 2089 623 2144; x_wconf 84' lang='lat' dir='ltr'><strong>festinatim</strong></span> <span class='ocrx_word' id='word_1_24' title='bbox 644 2091 785 2160; x_wconf 87' lang='lat' dir='ltr'><strong>scriptum</strong></span> <span class='ocrx_word' id='word_1_25' title='bbox 806 2105 857 2160; x_wconf 89' lang='lat' dir='ltr'><strong>per</strong></span> <span class='ocrx_word' id='word_1_26' title='bbox 873 2089 1046 2144; x_wconf 88' lang='lat' dir='ltr'><strong>brevissima</strong></span> <span class='ocrx_word' id='word_1_27' title='bbox 1061 2089 1118 2150; x_wconf 90' lang='lat' dir='ltr'><strong>otia</strong></span> <span class='ocrx_word' id='word_1_28' title='bbox 1133 2090 1241 2161; x_wconf 86' lang='lat' dir='ltr'><strong>quibus</strong></span> <span class='ocrx_word' id='word_1_29' title='bbox 1258 2090 1335 2145; x_wconf 92' lang='lat' dir='ltr'><strong>domi</strong></span> 
     </span>
     <span class='ocr_line' id='line_1_4' title="bbox 269 2186 1336 2258; baseline 0.001 -16"><span class='ocrx_word' id='word_1_30' title='bbox 269 2187 440 2242; x_wconf 81' lang='lat' dir='ltr'>consistenti</span> <span class='ocrx_word' id='word_1_31' title='bbox 452 2187 587 2242; x_wconf 78' lang='lat' dir='ltr'>cathedra</span> <span class='ocrx_word' id='word_1_32' title='bbox 596 2187 740 2241; x_wconf 87' lang='lat' dir='ltr'><strong>abstinere</strong></span> <span class='ocrx_word' id='word_1_33' title='bbox 751 2187 842 2256; x_wconf 91' lang='lat' dir='ltr'><strong>licuit,</strong></span> <span class='ocrx_word' id='word_1_34' title='bbox 850 2189 914 2242; x_wconf 86' lang='lat' dir='ltr'><strong>dein</strong></span> <span class='ocrx_word' id='word_1_35' title='bbox 923 2187 1034 2242; x_wconf 82' lang='lat' dir='ltr'><strong>Tolosae</strong></span> <span class='ocrx_word' id='word_1_36' title='bbox 1043 2195 1071 2258; x_wconf 84' lang='lat' dir='ltr'><strong>ty</strong></span> <span class='ocrx_word' id='word_1_37' title='bbox 1075 2204 1136 2258; x_wconf 68' lang='lat' dir='ltr'><strong>pos</strong></span> <span class='ocrx_word' id='word_1_38' title='bbox 1147 2186 1233 2243; x_wconf 88' lang='lat' dir='ltr'><strong>Icosii</strong></span> <span class='ocrx_word' id='word_1_39' title='bbox 1243 2205 1336 2243; x_wconf 89' lang='lat' dir='ltr'><strong>emen-</strong></span> 
     </span>
     <span class='ocr_line' id='line_1_5' title="bbox 267 2283 1333 2356; baseline 0.002 -18"><span class='ocrx_word' id='word_1_40' title='bbox 267 2285 421 2349; x_wconf 82' lang='lat' dir='ltr'>dationem,</span> <span class='ocrx_word' id='word_1_41' title='bbox 431 2283 549 2339; x_wconf 84' lang='lat' dir='ltr'><strong>Parisiis</strong></span> <span class='ocrx_word' id='word_1_42' title='bbox 562 2284 689 2339; x_wconf 84' lang='lat' dir='ltr'><strong>ultimam</strong></span> <span class='ocrx_word' id='word_1_43' title='bbox 702 2285 1015 2349; x_wconf 87' lang='lat' dir='ltr'><strong>recensionem‚omnia</strong></span> <span class='ocrx_word' id='word_1_44' title='bbox 1031 2285 1188 2339; x_wconf 83' lang='lat' dir='ltr'><strong>festinatim</strong></span> <span class='ocrx_word' id='word_1_45' title='bbox 1204 2301 1333 2356; x_wconf 84' lang='lat' dir='ltr'><strong>passum,</strong></span> 
     </span>
     <span class='ocr_line' id='line_1_6' title="bbox 269 2379 1335 2454; baseline 0.001 -17"><span class='ocrx_word' id='word_1_46' title='bbox 269 2398 304 2437; x_wconf 89' lang='lat' dir='ltr'><strong>ne</strong></span> <span class='ocrx_word' id='word_1_47' title='bbox 319 2383 394 2437; x_wconf 89' lang='lat' dir='ltr'><strong>inter</strong></span> <span class='ocrx_word' id='word_1_48' title='bbox 403 2387 444 2437; x_wconf 90' lang='lat' dir='ltr'><strong>tot</strong></span> <span class='ocrx_word' id='word_1_49' title='bbox 459 2382 707 2453; x_wconf 73' lang='lat' dir='ltr'><strong>peregrinationes</strong></span> <span class='ocrx_word' id='word_1_50' title='bbox 723 2379 860 2452; x_wconf 80' lang='lat' dir='ltr'><strong>vicesque</strong></span> <span class='ocrx_word' id='word_1_51' title='bbox 877 2383 947 2437; x_wconf 88' lang='lat' dir='ltr'><strong>hora</strong></span> <span class='ocrx_word' id='word_1_52' title='bbox 963 2383 1076 2452; x_wconf 82' lang='lat' dir='ltr'><strong>fugeret</strong></span> <span class='ocrx_word' id='word_1_53' title='bbox 1088 2382 1335 2454; x_wconf 79' lang='lat' dir='ltr'>capessendorum</span> 
     </span>
     <span class='ocr_line' id='line_1_7' title="bbox 268 2479 1336 2553; baseline 0 -17"><span class='ocrx_word' id='word_1_54' title='bbox 268 2483 421 2536; x_wconf 90' lang='lat' dir='ltr'><strong>honorum.</strong></span> <span class='ocrx_word' id='word_1_55' title='bbox 444 2479 564 2535; x_wconf 81' lang='lat' dir='ltr'><strong>Mendes</strong></span> <span class='ocrx_word' id='word_1_56' title='bbox 588 2481 677 2552; x_wconf 90' lang='lat' dir='ltr'><strong>igitur</strong></span> <span class='ocrx_word' id='word_1_57' title='bbox 691 2483 789 2536; x_wconf 86' lang='lat' dir='ltr'><strong>inesse</strong></span> <span class='ocrx_word' id='word_1_58' title='bbox 807 2497 841 2535; x_wconf 87' lang='lat' dir='ltr'><strong>ne</strong></span> <span class='ocrx_word' id='word_1_59' title='bbox 858 2481 944 2536; x_wconf 89' lang='lat' dir='ltr'><strong>nimis</strong></span> <span class='ocrx_word' id='word_1_60' title='bbox 959 2498 1035 2553; x_wconf 89' lang='lat' dir='ltr'><strong>aegre</strong></span> <span class='ocrx_word' id='word_1_61' title='bbox 1049 2483 1139 2546; x_wconf 85' lang='lat' dir='ltr'><strong>feras,</strong></span> <span class='ocrx_word' id='word_1_62' title='bbox 1158 2482 1209 2537; x_wconf 87' lang='lat' dir='ltr'><strong>sed</strong></span> <span class='ocrx_word' id='word_1_63' title='bbox 1225 2484 1336 2537; x_wconf 89' lang='lat' dir='ltr'><strong>auctori</strong></span> 
     </span>
     <span class='ocr_line' id='line_1_8' title="bbox 268 2580 1333 2652; baseline 0.002 -18"><span class='ocrx_word' id='word_1_64' title='bbox 268 2587 354 2651; x_wconf 89' lang='lat' dir='ltr'><strong>atque</strong></span> <span class='ocrx_word' id='word_1_65' title='bbox 377 2581 533 2652; x_wconf 74' lang='lat' dir='ltr'>typothetae</span> <span class='ocrx_word' id='word_1_66' title='bbox 555 2580 707 2650; x_wconf 80' lang='lat' dir='ltr'><strong>ignoscere</strong></span> <span class='ocrx_word' id='word_1_67' title='bbox 723 2580 804 2636; x_wconf 86' lang='lat' dir='ltr'><strong>velis.</strong></span> <span class='ocrx_word' id='word_1_68' title='bbox 831 2580 882 2635; x_wconf 87' lang='lat' dir='ltr'><strong>Hae</strong></span> <span class='ocrx_word' id='word_1_69' title='bbox 897 2587 967 2637; x_wconf 89' lang='lat' dir='ltr'><strong>sunt</strong></span> <span class='ocrx_word' id='word_1_70' title='bbox 982 2597 1055 2651; x_wconf 90' lang='lat' dir='ltr'><strong>quas</strong></span> <span class='ocrx_word' id='word_1_71' title='bbox 1073 2580 1333 2652; x_wconf 83' lang='lat' dir='ltr'><strong>deprehendimus,</strong></span> 
     </span>
     <span class='ocr_line' id='line_1_9' title="bbox 269 2680 1048 2751; baseline 0 -18"><span class='ocrx_word' id='word_1_72' title='bbox 269 2680 328 2734; x_wconf 88' lang='lat' dir='ltr'><strong>fere</strong></span> <span class='ocrx_word' id='word_1_73' title='bbox 344 2697 446 2735; x_wconf 87' lang='lat' dir='ltr'><strong>omnes</strong></span> <span class='ocrx_word' id='word_1_74' title='bbox 462 2681 490 2734; x_wconf 91' lang='lat' dir='ltr'><strong>in</strong></span> <span class='ocrx_word' id='word_1_75' title='bbox 506 2680 606 2735; x_wconf 90' lang='lat' dir='ltr'><strong>eodem</strong></span> <span class='ocrx_word' id='word_1_76' title='bbox 623 2680 823 2735; x_wconf 87' lang='lat' dir='ltr'><strong>infelicissimo</strong></span> <span class='ocrx_word' id='word_1_77' title='bbox 840 2681 1048 2751; x_wconf 86' lang='lat' dir='ltr'><strong>quaternione:</strong></span> 
     </span>
    </p>

    <p class='ocr_par' dir='ltr' id='par_1_2' title="bbox 335 2777 1327 4214">
     <span class='ocr_line' id='line_1_10' title="bbox 335 2777 1135 2850; baseline 0 -18"><span class='ocrx_word' id='word_1_78' title='bbox 335 2777 381 2832; x_wconf 87' lang='lat' dir='ltr'><strong>Ad</strong></span> <span class='ocrx_word' id='word_1_79' title='bbox 399 2795 465 2850; x_wconf 85' lang='lat' dir='ltr'><strong>pag.</strong></span> <span class='ocrx_word' id='word_1_80' title='bbox 481 2779 511 2848; x_wconf 84' lang='lat'><strong>3,</strong></span> <span class='ocrx_word' id='word_1_81' title='bbox 527 2793 603 2834; x_wconf 89' lang='lat' dir='ltr'><strong>vers.</strong></span> <span class='ocrx_word' id='word_1_82' title='bbox 622 2780 636 2834; x_wconf 90' lang='grc'><strong>7</strong></span> <span class='ocrx_word' id='word_1_83' title='bbox 651 2802 656 2832; x_wconf 92' lang='lat'>:</span> <span class='ocrx_word' id='word_1_84' title='bbox 674 2795 725 2850; x_wconf 89' lang='lat' dir='ltr'><strong>pro</strong></span> <span class='ocrx_word' id='word_1_85' title='bbox 746 2779 861 2843; x_wconf 81' lang='lat' dir='ltr'><strong>Grcets,</strong></span> <span class='ocrx_word' id='word_1_86' title='bbox 963 2779 1026 2849; x_wconf 88' lang='lat' dir='ltr'><strong>lege</strong></span> <span class='ocrx_word' id='word_1_87' title='bbox 1043 2779 1135 2833; x_wconf 74' lang='grc'><strong>61116.</strong></span> 
     </span>
     <span class='ocr_line' id='line_1_11' title="bbox 463 2876 1097 2945; baseline -0.002 -14"><span class='ocrx_word' id='word_1_88' title='bbox 463 2876 495 2931; x_wconf 73' lang='grc'><strong>71</strong></span> <span class='ocrx_word' id='word_1_89' title='bbox 608 2877 640 2932; x_wconf 85' lang='grc'><strong>13</strong></span> <span class='ocrx_word' id='word_1_90' title='bbox 749 2881 812 2945; x_wconf 79' lang='lat' dir='ltr'><strong>quir</strong></span> <span class='ocrx_word' id='word_1_91' title='bbox 985 2908 1017 2917; x_wconf 98' lang='lat'>—</span> <span class='ocrx_word' id='word_1_92' title='bbox 1038 2881 1097 2945; x_wconf 83' lang='lat' dir='ltr'><strong>qut.</strong></span> 
     </span>
     <span class='ocr_line' id='line_1_12' title="bbox 466 2967 1174 3043; baseline -0.001 -13"><span class='ocrx_word' id='word_1_93' title='bbox 466 2975 499 3030; x_wconf 72' lang='grc'><strong>47</strong></span> <span class='ocrx_word' id='word_1_94' title='bbox 610 2977 638 3029; x_wconf 94' lang='grc'><strong>11</strong></span> <span class='ocrx_word' id='word_1_95' title='bbox 689 2967 692 2975; x_wconf 78' lang='grc'><strong>’</strong></span> <span class='ocrx_word' id='word_1_96' title='bbox 751 2978 846 3043; x_wconf 73' lang='lat' dir='ltr'><strong>arpini</strong></span> <span class='ocrx_word' id='word_1_97' title='bbox 985 3007 1019 3016; x_wconf 88' lang='lat'><em>-</em></span> <span class='ocrx_word' id='word_1_98' title='bbox 1040 2979 1174 3043; x_wconf 70' lang='lat' dir='ltr'><strong>marpeni.</strong></span> 
     </span>
     <span class='ocr_line' id='line_1_13' title="bbox 464 3073 1197 3129; baseline 0 0"><span class='ocrx_word' id='word_1_99' title='bbox 464 3073 497 3129; x_wconf 85' lang='grc'><strong>65</strong></span> <span class='ocrx_word' id='word_1_100' title='bbox 624 3075 640 3128; x_wconf 83' lang='grc'><strong>6</strong></span> <span class='ocrx_word' id='word_1_101' title='bbox 749 3073 905 3127; x_wconf 81' lang='lat' dir='ltr'><strong>Heraclides</strong></span> <span class='ocrx_word' id='word_1_102' title='bbox 986 3104 1018 3112; x_wconf 97' lang='lat'>—</span> <span class='ocrx_word' id='word_1_103' title='bbox 1039 3073 1197 3129; x_wconf 73' lang='lat' dir='ltr'><strong>Heraclida.</strong></span> 
     </span>
     <span class='ocr_line' id='line_1_14' title="bbox 462 3172 1200 3227; baseline -0.001 0"><span class='ocrx_word' id='word_1_104' title='bbox 462 3173 494 3227; x_wconf 91' lang='grc'><strong>66</strong></span> <span class='ocrx_word' id='word_1_105' title='bbox 605 3172 634 3224; x_wconf 93' lang='grc'><strong>11</strong></span> <span class='ocrx_word' id='word_1_106' title='bbox 746 3187 831 3224; x_wconf 83' lang='lat' dir='ltr'><strong>curvo</strong></span> <span class='ocrx_word' id='word_1_107' title='bbox 983 3202 1015 3210; x_wconf 94' lang='lat'>—</span> <span class='ocrx_word' id='word_1_108' title='bbox 1036 3177 1200 3226; x_wconf 83' lang='lat' dir='ltr'><strong>curvatura.</strong></span> 
     </span>
     <span class='ocr_line' id='line_1_15' title="bbox 462 3269 1154 3326; baseline -0.003 0"><span class='ocrx_word' id='word_1_109' title='bbox 462 3269 495 3326; x_wconf 89' lang='grc'><strong>66</strong></span> <span class='ocrx_word' id='word_1_110' title='bbox 604 3270 638 3324; x_wconf 77' lang='lat' dir='ltr'><strong>tt</strong></span> <span class='ocrx_word' id='word_1_111' title='bbox 747 3271 876 3324; x_wconf 80' lang='lat' dir='ltr'><strong>ducerent</strong></span> <span class='ocrx_word' id='word_1_112' title='bbox 982 3297 1017 3310; x_wconf 89' lang='lat'>—</span> <span class='ocrx_word' id='word_1_113' title='bbox 1036 3271 1154 3324; x_wconf 79' lang='lat' dir='ltr'><strong>duceret.</strong></span> 
     </span>
     <span class='ocr_line' id='line_1_16' title="bbox 464 3368 1199 3435; baseline -0.001 -12"><span class='ocrx_word' id='word_1_114' title='bbox 464 3368 496 3424; x_wconf 90' lang='grc'><strong>67</strong></span> <span class='ocrx_word' id='word_1_115' title='bbox 608 3369 640 3422; x_wconf 82' lang='grc'><strong>14</strong></span> <span class='ocrx_word' id='word_1_116' title='bbox 750 3370 903 3435; x_wconf 78' lang='lat' dir='ltr'><strong>tepentibus</strong></span> <span class='ocrx_word' id='word_1_117' title='bbox 985 3398 1018 3407; x_wconf 93' lang='lat'><em>—</em></span> <span class='ocrx_word' id='word_1_118' title='bbox 1040 3369 1199 3435; x_wconf 67' lang='lat' dir='ltr'><strong>ligentibus.</strong></span> 
     </span>
     <span class='ocr_line' id='line_1_17' title="bbox 463 3467 1179 3535; baseline -0.003 -13"><span class='ocrx_word' id='word_1_119' title='bbox 463 3469 496 3524; x_wconf 78' lang='lat'><strong>72</strong></span> <span class='ocrx_word' id='word_1_120' title='bbox 606 3467 637 3524; x_wconf 77' lang='lat' dir='ltr'><strong>ta</strong></span> <span class='ocrx_word' id='word_1_121' title='bbox 748 3470 882 3535; x_wconf 65' lang='lat' dir='ltr'><strong>intellegit</strong></span> <span class='ocrx_word' id='word_1_122' title='bbox 983 3496 1018 3509; x_wconf 93' lang='lat'>-</span> <span class='ocrx_word' id='word_1_123' title='bbox 1037 3470 1179 3535; x_wconf 67' lang='lat' dir='ltr'><strong>intelligit.</strong></span> 
     </span>
     <span class='ocr_line' id='line_1_18' title="bbox 462 3567 1233 3634; baseline 0 -14"><span class='ocrx_word' id='word_1_124' title='bbox 462 3568 494 3621; x_wconf 99' lang='grc'><strong>77</strong></span> <span class='ocrx_word' id='word_1_125' title='bbox 605 3568 637 3621; x_wconf 92' lang='grc'><strong>16</strong></span> <span class='ocrx_word' id='word_1_126' title='bbox 748 3567 928 3634; x_wconf 72' lang='lat' dir='ltr'><strong>triumphalia</strong></span> <span class='ocrx_word' id='word_1_127' title='bbox 984 3596 1017 3605; x_wconf 94' lang='lat'><em>-</em></span> <span class='ocrx_word' id='word_1_128' title='bbox 1039 3567 1233 3634; x_wconf 77' lang='lat' dir='ltr'><strong>triumphalia.</strong></span> 
     </span>
     <span class='ocr_line' id='line_1_19' title="bbox 463 3643 1202 3720; baseline 0 -1"><span class='ocrx_word' id='word_1_129' title='bbox 463 3665 495 3720; x_wconf 85' lang='grc'><strong>78</strong></span> <span class='ocrx_word' id='word_1_130' title='bbox 604 3665 638 3720; x_wconf 75' lang='grc'><strong>76</strong></span> <span class='ocrx_word' id='word_1_131' title='bbox 746 3643 898 3718; x_wconf 69' lang='lat' dir='ltr'><strong>subdentur</strong></span> <span class='ocrx_word' id='word_1_132' title='bbox 984 3695 1016 3704; x_wconf 91' lang='lat'><strong>—</strong></span> <span class='ocrx_word' id='word_1_133' title='bbox 1037 3667 1202 3720; x_wconf 73' lang='lat' dir='ltr'><strong>subduntur.</strong></span> 
     </span>
     <span class='ocr_line' id='line_1_20' title="bbox 462 3763 1152 3818; baseline -0.001 0"><span class='ocrx_word' id='word_1_134' title='bbox 462 3763 495 3818; x_wconf 75' lang='grc'><strong>87</strong></span> <span class='ocrx_word' id='word_1_135' title='bbox 605 3764 637 3817; x_wconf 94' lang='grc'><strong>17</strong></span> <span class='ocrx_word' id='word_1_136' title='bbox 747 3766 849 3816; x_wconf 81' lang='lat' dir='ltr'><strong>vivevut</strong></span> <span class='ocrx_word' id='word_1_137' title='bbox 985 3792 1019 3804; x_wconf 94' lang='lat'><em>-</em></span> <span class='ocrx_word' id='word_1_138' title='bbox 1037 3765 1152 3818; x_wconf 81' lang='lat' dir='ltr'><strong>vivebat.</strong></span> 
     </span>
     <span class='ocr_line' id='line_1_21' title="bbox 460 3860 1209 3916; baseline -0.001 0"><span class='ocrx_word' id='word_1_139' title='bbox 460 3860 493 3916; x_wconf 83' lang='lat'><strong>83</strong></span> <span class='ocrx_word' id='word_1_140' title='bbox 620 3861 635 3916; x_wconf 78' lang='grc'>9</span> <span class='ocrx_word' id='word_1_141' title='bbox 745 3862 895 3914; x_wconf 75' lang='lat' dir='ltr'><strong>metiuntur</strong></span> <span class='ocrx_word' id='word_1_142' title='bbox 981 3890 1014 3902; x_wconf 97' lang='lat'><em>-</em></span> <span class='ocrx_word' id='word_1_143' title='bbox 1035 3863 1209 3916; x_wconf 72' lang='lat' dir='ltr'><strong>moliebatur.</strong></span> 
     </span>
     <span class='ocr_line' id='line_1_22' title="bbox 459 3959 1187 4030; baseline 0 -14"><span class='ocrx_word' id='word_1_144' title='bbox 459 3959 493 4016; x_wconf 78' lang='lat'><strong>93</strong></span> <span class='ocrx_word' id='word_1_145' title='bbox 601 3961 635 4015; x_wconf 73' lang='lat'><strong>25</strong></span> <span class='ocrx_word' id='word_1_146' title='bbox 742 3965 895 4028; x_wconf 72' lang='lat' dir='ltr'><strong>posteaqua</strong></span> <span class='ocrx_word' id='word_1_147' title='bbox 980 3991 1012 4000; x_wconf 91' lang='lat'>—</span> <span class='ocrx_word' id='word_1_148' title='bbox 1030 3965 1187 4030; x_wconf 78' lang='lat' dir='ltr'><strong>posteaque.</strong></span> 
     </span>
     <span class='ocr_line' id='line_1_23' title="bbox 444 4057 1327 4114; baseline 0.002 -3"><span class='ocrx_word' id='word_1_149' title='bbox 444 4057 494 4112; x_wconf 72' lang='grc'><strong>167</strong></span> <span class='ocrx_word' id='word_1_150' title='bbox 622 4059 633 4111; x_wconf 90' lang='grc'><strong>1</strong></span> <span class='ocrx_word' id='word_1_151' title='bbox 745 4073 816 4112; x_wconf 76' lang='lat' dir='ltr'><strong>uuor</strong></span> <span class='ocrx_word' id='word_1_152' title='bbox 832 4060 956 4112; x_wconf 76' lang='lat' dir='ltr'><strong>Drrrsitlo</strong></span> <span class='ocrx_word' id='word_1_153' title='bbox 984 4089 1016 4098; x_wconf 92' lang='lat'><em>-</em></span> <span class='ocrx_word' id='word_1_154' title='bbox 1036 4075 1150 4113; x_wconf 73' lang='grc'><strong>11101111</strong></span> <span class='ocrx_word' id='word_1_155' title='bbox 1164 4062 1327 4114; x_wconf 80' lang='lat' dir='ltr'><strong>Drustttom.</strong></span> 
     </span>
     <span class='ocr_line' id='line_1_24' title="bbox 445 4157 1158 4214; baseline 0.006 -4"><span class='ocrx_word' id='word_1_156' title='bbox 445 4157 492 4212; x_wconf 86' lang='grc'><strong>161</strong></span> <span class='ocrx_word' id='word_1_157' title='bbox 605 4158 636 4212; x_wconf 85' lang='grc'><strong>13</strong></span> <span class='ocrx_word' id='word_1_158' title='bbox 747 4159 861 4213; x_wconf 69' lang='lat' dir='ltr'><strong>dolatos</strong></span> <span class='ocrx_word' id='word_1_159' title='bbox 980 4188 1012 4198; x_wconf 81' lang='lat'><strong>-</strong></span> <span class='ocrx_word' id='word_1_160' title='bbox 1035 4159 1158 4214; x_wconf 75' lang='lat' dir='ltr'><strong>Gattdor.</strong></span> 
     </span>
    </p>

    <p class='ocr_par' dir='ltr' id='par_1_3' title="bbox 266 4253 1330 4424">
     <span class='ocr_line' id='line_1_25' title="bbox 305 4253 1329 4328; baseline 0.004 -20"><span class='ocrx_word' id='word_1_161' title='bbox 305 4253 517 4309; x_wconf 86' lang='lat' dir='ltr'><strong>Documentum</strong></span> <span class='ocrx_word' id='word_1_162' title='bbox 532 4255 583 4310; x_wconf 85' lang='lat' dir='ltr'><strong>tibi</strong></span> <span class='ocrx_word' id='word_1_163' title='bbox 595 4262 647 4320; x_wconf 88' lang='lat' dir='ltr'><strong>ost,</strong></span> <span class='ocrx_word' id='word_1_164' title='bbox 661 4257 690 4310; x_wconf 90' lang='lat' dir='ltr'><strong>in</strong></span> <span class='ocrx_word' id='word_1_165' title='bbox 707 4256 752 4310; x_wconf 87' lang='lat' dir='ltr'><strong>lris</strong></span> <span class='ocrx_word' id='word_1_166' title='bbox 766 4271 830 4324; x_wconf 91' lang='lat' dir='ltr'><strong>quae</strong></span> <span class='ocrx_word' id='word_1_167' title='bbox 841 4256 876 4310; x_wconf 89' lang='lat' dir='ltr'><strong>de</strong></span> <span class='ocrx_word' id='word_1_168' title='bbox 889 4255 1092 4328; x_wconf 82' lang='lat' dir='ltr'><strong>Pythodoridis</strong></span> <span class='ocrx_word' id='word_1_169' title='bbox 1105 4258 1229 4328; x_wconf 86' lang='lat' dir='ltr'><strong>posteris</strong></span> <span class='ocrx_word' id='word_1_170' title='bbox 1240 4273 1329 4326; x_wconf 75' lang='lat' dir='ltr'><strong>orrum</strong></span> 
     </span>
     <span class='ocr_line' id='line_1_26' title="bbox 266 4351 1330 4424; baseline 0.004 -20"><span class='ocrx_word' id='word_1_171' title='bbox 266 4351 338 4406; x_wconf 85' lang='lat' dir='ltr'><strong>alias</strong></span> <span class='ocrx_word' id='word_1_172' title='bbox 359 4357 421 4408; x_wconf 90' lang='lat' dir='ltr'><strong>tum</strong></span> <span class='ocrx_word' id='word_1_173' title='bbox 442 4353 567 4408; x_wconf 87' lang='lat' dir='ltr'><strong>maxime</strong></span> <span class='ocrx_word' id='word_1_174' title='bbox 582 4352 616 4407; x_wconf 91' lang='lat' dir='ltr'><strong>ad</strong></span> <span class='ocrx_word' id='word_1_175' title='bbox 633 4369 698 4424; x_wconf 85' lang='lat' dir='ltr'><strong>pag.</strong></span> <span class='ocrx_word' id='word_1_176' title='bbox 715 4353 748 4409; x_wconf 80' lang='lat'><strong>94</strong></span> <span class='ocrx_word' id='word_1_177' title='bbox 765 4352 903 4419; x_wconf 88' lang='lat' dir='ltr'><strong>disserui,</strong></span> <span class='ocrx_word' id='word_1_178' title='bbox 918 4353 1115 4410; x_wconf 89' lang='lat' dir='ltr'><strong>difficultatum</strong></span> <span class='ocrx_word' id='word_1_179' title='bbox 1130 4354 1166 4409; x_wconf 91' lang='lat' dir='ltr'><strong>de</strong></span> <span class='ocrx_word' id='word_1_180' title='bbox 1180 4353 1287 4424; x_wconf 87' lang='lat' dir='ltr'><strong>quibus</strong></span> <span class='ocrx_word' id='word_1_181' title='bbox 1301 4356 1330 4409; x_wconf 90' lang='lat' dir='ltr'><strong>in</strong></span> 
     </span>
    </p>
   </div>
   <div class='ocr_carea' id='block_1_2' title="bbox 425 4450 1165 4513">
    <p class='ocr_par' dir='ltr' id='par_1_4' title="bbox 425 4450 1165 4513">
     <span class='ocr_line' id='line_1_27' title="bbox 425 4450 1165 4513; baseline 0.004 -3"><span class='ocrx_word' id='word_1_182' title='bbox 425 4469 455 4510; x_wconf 81' lang='lat' dir='ltr'><strong>n.</strong></span> <span class='ocrx_word' id='word_1_183' title='bbox 1134 4450 1165 4513; x_wconf 90' lang='grc'><strong>11</strong></span> 
     </span>
    </p>
   </div>
   <div class='ocr_carea' id='block_1_3' title="bbox 0 0 1750 5318">
    <p class='ocr_par' dir='ltr' id='par_1_5' title="bbox 0 0 1750 5318">
     <span class='ocr_line' id='line_1_28' title="bbox 0 0 1750 5318; baseline 0 3"><span class='ocrx_word' id='word_1_184' title='bbox 0 0 1750 5318; x_wconf 95' lang='lat' dir='ltr'><strong> </strong></span> 
     </span>
    </p>
   </div>
  </div>
 </body>
</html>
