3490 5318
456 688 596 760 semper
616 669 746 744 vietum
775 669 963 761 nunquam
992 670 1207 746 debellatum
1232 672 1387 745 hostem.
1410 673 1519 766 Igitur

456 793 656 878 Dolabella,
687 795 823 886 peritus
853 795 1016 867 simulet
1039 795 1173 876 audax,
1195 814 1268 867 uno
1292 797 1365 869 ietu
1383 797 1518 871 bellum

454 917 627 992 conticere
647 920 867 992 occasionem
883 925 1008 991 noetus
1028 919 1197 992 instituit.
1216 921 1446 994 Ptolemaeum
1466 940 1519 994 re·

454 1062 533 1135 gem
552 1045 829 1133 Maurorumque
847 1041 981 1114 auxilia
1000 1043 1046 1115 ad
1065 1061 1103 1115 se
1122 1050 1323 1128 vocaverat,
1343 1063 1424 1135 quae
1444 1047 1519 1136 jam

453 1166 492 1238 in
522 1186 690 1242 numeros
716 1165 940 1259 praedatoriis
967 1167 1289 1258 exploratoriisque
1313 1167 1517 1240 incursibus

453 1290 625 1375 idoneos,
653 1292 827 1382 praelectis
857 1310 900 1364 ex
927 1291 1007 1382 ipsa
1037 1297 1141 1381 gente
1170 1291 1322 1365 ducibus
1351 1291 1514 1376 delectiS,

453 1423 713 1506 composuerat.
736 1417 816 1507 lpse
840 1434 1028 1487 romanum
1051 1415 1202 1487 militem
1225 1416 1263 1487 in
1284 1423 1437 1508 quatuor
1454 1436 1515 1508 ag-

452 1540 552 1612 mina
577 1540 703 1631 legatis
729 1547 791 1612 aut
816 1541 973 1614 tribunis
1003 1541 1097 1614 data.
1119 1541 1165 1613 ad
1197 1542 1356 1626 bostem,
1385 1543 1516 1616 Mauris

452 1663 668 1755 praemissis,
688 1665 870 1748 admouet;
893 1671 946 1747 ot,
968 1665 1066 1757 apud
1092 1665 1208 1756 ipsam
1235 1666 1383 1738 duriam
1410 1673 1518 1740 noctu

453 1788 709 1862 Tacfarinatem
735 1790 901 1874 adortus,
923 1789 1043 1881 ipsum
1071 1790 1195 1874 caedit,
1218 1797 1369 1881 stragem
1398 1791 1514 1864 rebel·

453 1912 540 1986 lium
566 1913 668 1997 iacit,
691 1915 1144 2005 moxque,.Garamontum
1169 1933 1251 2006 rege
1268 1933 1390 2005 paoem
1416 1933 1517 1988 orare

452 2043 589 2118 coacto,
612 2039 716 2129 quies
737 2038 873 2129 regioni
894 2037 1071 2111 redditur.
1095 2039 1284 2110 Ptolemaeo
1308 2057 1389 2129 quae
1409 2056 1516 2130 supra

451 2163 557 2236 retuli
577 2162 770 2234 honoraria
795 2162 891 2234 dona
910 2162 1047 2249 delata,
1069 2180 1204 2253 rexque
1227 2182 1300 2234 una
1326 2170 1433 2254 atque
1455 2181 1514 2236 so·

452 2286 528 2359 eius
543 2292 577 2358 et
595 2287 731 2358 amicus
749 2286 873 2378 populi
893 2287 1092 2359 romanice
1111 2305 1206 2358 anno
1226 2295 1280 2359 est
1299 2289 1512 2379 appellatus.

499 2410 628 2484 iubam
648 2411 799 2484 durante
813 2412 931 2483 adhuc
949 2411 1227 2483 Tacfarinatensi
1246 2412 1404 2484 tumultu
1423 2431 1516 2486 mor·

451 2543 553 2609 tuum
573 2554 652 2608 esse
666 2535 891 2628 intelligitur,
909 2555 980 2626 quo
996 2538 1122 2628 utique
1138 2556 1233 2609 anno
1254 2539 1376 2610 nullus
1394 2545 1516 2612 auctor

451 2662 554 2748 dixit.
586 2662 656 2734 Sed
689 2663 751 2753 qui
782 2663 860 2754 ejus
893 2663 1081 2735 historiam
1109 2663 1289 2754 principes
1319 2663 1415 2754 apud
1449 2681 1515 2736 nos

451 2786 690 2879 scripserunt,
714 2786 856 2878 Baylius
882 2793 917 2859 et
946 2786 1117 2870 sevinus,
1139 2793 1174 2859 et
1201 2793 1282 2878 post
1309 2805 1370 2859 eos
1389 2789 1515 2861 Weus·

450 2910 617 2995 dorllius,
641 2929 722 2983 eum
746 2929 833 2982 ann.
861 2913 903 2982 D.
927 2913 972 2982 25
993 2911 1191 2984 decessisse
1218 2911 1380 2983 arbitrati
1407 2918 1511 2996 sunt;

450 3043 532 3129 post
556 3035 918 3127 multaediversaeque
948 3036 1136 3109 sententiae
1154 3054 1218 3127 per
1237 3035 1420 3108 doctorum
1446 3037 1511 3109 ho-

450 3161 589 3234 minum
623 3159 890 3232 lucubrationes
924 3166 1017 3233 natae
1047 3167 1152 3244 sunt,
1189 3179 1278 3251 quas
1307 3161 1513 3236 summatim

450 3306 576 3359 omnes
606 3287 728 3357 retulit
752 3286 944 3358 Muellerus
968 3283 1032 3380 (l).
1058 3286 1235 3358 lubanam
1264 3296 1382 3360 autem
1410 3290 1513 3360 obro-

450 3411 683 3502 nographiam
724 3409 988 3500 quodammodo
1031 3418 1172 3481 certam·
1200 3411 1333 3482 laniunt
1373 3413 1513 3490 nummi

450 3553 560 3625 supra
587 3533 774 3606 memorati
804 3534 866 3624 qui
896 3534 1124 3606 uictoriarum
1152 3535 1326 3612 indicium
1352 3537 1513 3626 praebent

449 3677 626 3732 annorum
650 3659 750 3749 regni
773 3665 857 3730 nota
876 3659 1013 3750 adjecta
1035 3683 1043 3729 :
1067 3678 1218 3749 quorum
1244 3660 1392 3732 ultimus
1412 3661 1457 3733 ad
1476 3681 1509 3735 a.

448 3804 479 3856 r.
500 3765 641 3858 xre—xxm
664 3783 929 3874 pertinetque
960 3784 1084 3875 utique
1106 3784 1252 3856 victoria
1278 3785 1345 3858 luit
1369 3786 1415 3858 de
1441 3789 1512 3860 Ma·

448 3910 552 4001 zippa
571 3915 605 3982 et
619 3907 855 3992 Tacfarinate,
878 3908 909 3980 si
928 3908 1037 3996 iuba,
1060 3916 1100 3980 ut
1118 3910 1207 3980 alias
1226 3909 1400 3996 diximus,
1423 3929 1508 3987 anu.

448 4053 481 4107 a.
505 4033 544 4106 C.
567 4037 612 4106 tt
630 4050 692 4112 rex
712 4033 942 4114 Mauretaniis
965 4033 1070 4106 datus
1094 4042 1160 4106 est.
1183 4035 1309 4108 Nullus
1329 4043 1449 4113 autem
1468 4055 1514 4113 eu

476 4287 512 4348 (l)
525 4291 611 4349 liunt,
631 4286 676 4349 ΙΙΙ,
690 4308 714 4354 p.
736 4285 786 4345 ΙΙΙ.
