3498 5324
897 605 1055 668 48-

443 743 534 827 Sunt
549 742 792 834 pseudothyra
812 749 966 833 quatuor
984 742 1138 833 lapidea,
1157 749 1310 832 quatuor
1329 743 1410 817 33311
1428 761 1508 834 par-

442 874 495 940 tes
520 868 734 958 spectantia,
760 867 927 939 altissimi
951 867 1098 958 trapezii
1125 867 1258 962 lorma,
1280 868 1508 961 hyperthyris

441 991 596 1074 ornatio,
629 989 726 1082 rapio
755 998 789 1063 et
823 992 963 1083 singula
987 992 1139 1083 singulis
1168 991 1305 1065 loribus
1330 994 1509 1085 impagine

440 1117 554 1188 crucis
579 1115 616 1186 in
642 1115 790 1207 liguram
820 1117 1012 1188 stantibus.
1042 1116 1112 1188 Sed
1134 1118 1267 1189 ostium
1298 1138 1369 1208 quo
1388 1120 1507 1194 aditus

440 1247 515 1312 erat
539 1259 613 1311 non
642 1241 829 1336 est,sicut
850 1243 888 1312 in
913 1239 1129 1325 Mudroseo,
1150 1241 1189 1311 in
1213 1250 1313 1333 parte
1340 1242 1507 1316 inferiore

439 1365 540 1448 coni,
565 1365 734 1456 gradihus
762 1365 808 1436 ad
840 1365 998 1457 idipsum
1026 1367 1301 1439 accommodatis
1330 1368 1504 1453 celatum,

438 1511 560 1565 verum
576 1491 669 1563 infra
688 1491 905 1582 crepidinem
927 1492 994 1563 suh
1016 1499 1110 1564 terra
1129 1494 1227 1575 latet,
1250 1499 1332 1566 ante
1352 1494 1506 1584 pseudo·

438 1617 581 1709 thyrum
617 1616 663 1688 ad
699 1616 872 1688 orientem
902 1624 1080 1706 spectans.
1115 1617 1216 1688 intus
1253 1624 1307 1689 est
1348 1617 1507 1708 spatiosa

438 1747 572 1832 crypta,
589 1741 695 1833 longa
708 1740 791 1831 ped.
810 1759 924 1824 cocco,
942 1759 1036 1831 quae,
1055 1746 1246 1831 postquam
1269 1741 1308 1811 in
1334 1741 1504 1813 circulum

438 1865 542 1957 quasi
562 1866 766 1937 ahsolutum
790 1864 913 1949 duxit,
934 1865 980 1936 ad
1000 1864 1155 1937 mediam
1175 1867 1400 1939 monumenti
1420 1885 1503 1956 par·

436 2000 508 2064 tem
526 1990 658 2083 pergit,
677 1989 740 2061 ubi
760 1990 848 2060 cella
866 1989 1047 2079 praecipua
1065 1983 1132 2062 est.

387 2172 389 2175 .
487 2117 717 2205 Quanquam,
740 2090 888 2186 sicuiin
907 2111 1125 2195 Modraseo,
1146 2123 1303 2207 cryptam
1324 2116 1505 2207 cellasque

437 2240 643 2313 clauderent
666 2245 835 2330 tympana
861 2237 1004 2328 lapidea
1023 2257 1152 2329 magna
1173 2259 1254 2330 quae
1273 2241 1368 2312 intra
1390 2241 1504 2331 parie-

436 2373 507 2438 tem
527 2363 768 2437 conrolvenda
787 2370 902 2444 erant,
925 2369 1046 2435 tamen
1066 2364 1195 2435 violata
1215 2373 1249 2436 31
1269 2365 1400 2456 praedae
1421 2341 1504 2439 data

436 2491 620 2582 sepultura
637 2488 739 2561 lubae
759 2487 1027 2579 Cleopatraeque
1047 2489 1134 2588 luit,
1153 2490 1227 2578 jam
1249 2490 1352 2572 inde,
1376 2491 1415 2562 ni
1435 2490 1501 2562 ial-

435 2615 509 2698 lor,
531 2633 552 2684 a
570 2620 729 2703 tempore
750 2630 821 2702 quo
841 2611 964 2683 hostili
984 2612 1126 2702 agmine
1153 2614 1303 2684 Romani
1323 2615 1500 2687 Maureta-

434 2739 514 2811 nias
531 2738 766 2810 intraverunt.
789 2738 885 2817 Post,
906 2735 1035 2807 iterum
1056 2737 1231 2827 praecluso
1251 2737 1365 2820 aditu,
1388 2758 1500 2829 quum
1559 2809 1565 2816 .

434 2863 623 2937 thesauros
656 2861 750 2930 lama
782 2859 833 2929 ihi
863 2858 1066 2932 reconditos
1093 2860 1216 2943 ferret,
1246 2861 1380 2951 saepius
1408 2860 1502 2935 ierro

432 2996 625 3070 tentatum,
648 2984 877 3077 praevalidum
906 3001 996 3074 opus
1021 2985 1181 3057 restitit:
1204 3004 1278 3056 333
1301 2987 1352 3058 113
1378 2993 1500 3060 tamen

432 3123 472 3188 ut
496 3116 623 3186 laesum
647 3118 681 3184 et
701 3116 906 3200 corruptum
926 3109 1029 3181 valde
1055 3129 1129 3181 non
1149 3118 1264 3194 esset,
1287 3111 1394 3183 etiam
1426 3120 1499 3185 tor·

431 3239 562 3311 meniis
581 3236 735 3338 admotis
754 3255 775 3305 a
794 3234 950 3325 quodam
971 3236 1162 3306 Turearum
1190 3236 1351 3327 principe
1370 3237 1498 3310 ferreis

432 3363 547 3458 globis
566 3363 729 3453 petitum.
753 3359 851 3451 Piget
870 3342 971 3431 lateri
997 3360 1117 3431 Gallos
1137 3378 1280 3451 quoque
1305 3361 1472 3434 homines
1489 3336 1504 3446 ,¹

433 3487 603 3561 interiora
630 3484 814 3557 scrutandi
846 3503 973 3566 causa,
1008 3484 1090 3575 plus
1124 3485 1231 3557 etiam
1262 3485 1384 3557 damni
1408 3494 1499 3559 attu-

299 3685 306 3698 ,
432 3614 535 3696 iisse,
558 3630 710 3702 quorum
731 3627 839 3700 opera
857 3610 961 3700 plaga
981 3608 1158 3681 immensa
1178 3610 1283 3681 hians
1308 3611 1402 3682 latus
1424 3630 1499 3684 mo-

432 3737 594 3811 numenti
615 3736 779 3827 deturpat
803 3760 811 3805 :
835 3735 973 3806 utinam
991 3735 1136 3825 quidem
1158 3736 1225 3806 hoc
1243 3755 1356 3807 unum
1381 3755 1498 3809 exem·
1578 3731 1582 3740 ’

319 3935 321 3938 ,
430 3865 530 3957 plum
556 3864 595 3934 in
622 3860 763 3952 Algeria
790 3859 878 3932 ioret
904 3865 1062 3931 veterum
1093 3867 1408 3933 monumentorum
1438 3861 1497 3936 his

429 3989 567 4062 artibus
592 3983 921 4077 interrogatoruml'
940 3985 1089 4067 Tamen,
1125 3992 1206 4076 post
1238 3991 1290 4058 tot
1322 3985 1494 4076 iniurias,

431 4104 627 4202 majestatis
649 4117 683 4182 et
702 4107 839 4181 decoris
859 4110 1006 4200 planum
1034 4127 1222 4181 commune
1248 4110 1353 4201 regiae
1379 4110 1496 4202 gentis

431 4238 632 4329 sepulerum
653 4237 812 4326 apparat.
836 4234 987 4321 Quodsi
1009 4234 1161 4325 simplex
1182 4242 1325 4308 austera
1345 4237 1497 4326 gravitas

431 4384 501 4462 qua
522 4361 718 4430 lllodrorro
734 4359 920 4458 decoratur
940 4361 976 4430 in
999 4359 1061 4452 illo
1079 4351 1371 4442 minuseminet,
1389 4359 1498 4431 vincit
1627 4429 1630 4436 ,
