3490 5318
675 609 852 673 -133-

232 744 341 834 plinis
361 743 573 835 plerumque
592 745 773 830 instructi,
795 766 855 820 eas
875 749 914 819 in
934 768 1039 821 usum
1060 759 1293 825 1111116116·-

232 867 336 949 hent,
358 886 485 960 parum
505 886 586 940 rero
606 869 728 960 graecis
746 870 875 944 litteris
895 872 984 963 quid
1003 872 1215 946 conduceret
1233 893 1293 947 eu·

232 995 364 1063 rantes.
382 991 493 1064 Graeci
508 997 643 1075 eontra,
662 994 861 1086 saepissime
876 996 1116 1069 Romanorum
1135 997 1294 1073 scientiae

232 1115 339 1205 atque
356 1115 462 1187 etiam
478 1115 610 1207 liuguae
627 1123 802 1208 expertes,
820 1117 1006 1191 dimidiam
1025 1120 1193 1194 humanae
1212 1140 1293 1211 quae

233 1244 317 1310 tunc
335 1245 410 1312 erat
429 1240 600 1314 doctrinae
615 1247 751 1332 partem
768 1243 924 1315 clausam
942 1243 1012 1315 sihi
1032 1243 1105 1334 pati
1123 1244 1296 1335 cogeban-

232 1367 301 1434 tur.
322 1363 402 1435 Fuit
420 1364 524 1447 Juha,
547 1364 619 1437 nisi
639 1365 728 1438 torte
746 1365 898 1458 primus,
917 1366 1043 1439 saitem
1064 1367 1292 1443 doctissimus

232 1504 354 1560 eorum
374 1487 436 1578 qui
463 1486 687 1562 obstaculum
713 1489 915 1582 fregerunt3
937 1508 1003 1562 nec
1029 1491 1177 1564 forsitan
1198 1494 1294 1583 quis·

231 1630 337 1702 quam
355 1612 449 1684 alius
468 1612 514 1685 ad
533 1614 601 1686 hoc
619 1632 709 1706 opus
725 1620 810 1686 tune
827 1614 943 1705 aptior
957 1615 1037 1688 iuit.
1054 1616 1142 1688 Nam
1160 1617 1293 1690 utrius·

230 1753 300 1825 que
331 1735 446 1829 gentis
479 1736 611 1828 linguae
643 1737 888 1828 doctrinaque
918 1739 1079 1830 peritus,
1106 1746 1164 1828 et,
1196 1742 1293 1832 quod

229 1861 349 1953 magni
368 1862 539 1934 momenti
560 1861 644 1946 tuit,
667 1880 732 1933 uec
751 1862 932 1934 Romanus
955 1881 1020 1935 nec
1040 1865 1182 1937 Graecus
1201 1870 1290 1950 erat,

229 2004 340 2076 quum
361 1987 511 2059 Romani
526 1986 655 2060 Graecis
674 1986 863 2078 magistros
884 1987 994 2060 Graeci
1011 1987 1207 2080 discipulos
1228 1990 1294 2062 Ro·

229 2111 345 2182 mauis
370 2129 408 2182 se
427 2117 596 2204 prestare
623 2129 726 2201 aeque
744 2109 959 2182 fastidirent.
982 2111 1062 2184 Fuit
1086 2112 1178 2184 iuba
1199 2113 1293 2187 inter

230 2234 371 2326 eosqui
391 2235 541 2307 divortio
561 2234 670 2307 finem
690 2235 869 2317 iecerunt,
890 2253 961 2324 quo
980 2243 1143 2318 auctore,
1160 2251 1207 2310 ne
1233 2256 1289 2310 re·

228 2364 345 2452 petam
382 2359 533 2450 punicos
569 2358 804 2431 orientalesve
838 2365 1021 2442 auctores,
1056 2358 1120 2431 sed
1152 2359 1289 2434 Livium

227 2482 494 2573 varronemque
515 2483 646 2556 Graecis
666 2481 805 2553 facilius
824 2480 923 2553 adire
943 2481 1055 2555 licuit.
1079 2483 1164 2575 Eius
1182 2501 1291 2575 opera

228 2606 372 2678 inerunt
404 2607 503 2679 lacus
537 2604 726 2697 locupletis
759 2605 858 2688 loco,
887 2605 925 2675 iu
960 2623 1066 2695 quem
1102 2607 1290 2698 utriusque

227 2729 452 2820 antiquitatis
471 2729 632 2803 doctriua
651 2728 866 2812 contineret,
889 2745 953 2820 per
970 2730 1064 2801 rivos
1087 2725 1289 2803 inriumera-

226 2853 317 2926 biles
336 2854 421 2926 hinc
439 2854 567 2927 iterum
588 2860 789 2926 manatura.

275 2978 368 3050 illud
388 2983 506 3050 tamen
526 2978 670 3068 segnius
692 2994 748 3048 me
769 2983 924 3049 moveret
945 2984 984 3047 ut
1006 2977 1190 3068 ingenium
1209 2979 1286 3069 ejus

227 3101 345 3193 magni
370 3100 532 3173 iacerem.
553 3101 641 3173 Nam
662 3109 697 3172 et
724 3101 785 3171 alii
809 3100 912 3172 multi
938 3101 1083 3173 inerunt
1106 3102 1188 3190 qui,
1211 3119 1287 3173 sex·

226 3231 408 3296 centorum
439 3242 586 3315 operum
612 3223 697 3296 dum
723 3223 830 3296 stulte
859 3224 1053 3314 compilant
1078 3225 1283 3308 materiam,

224 3369 351 3421 aurum
370 3350 464 3420 inter
482 3347 553 3420 alia
572 3348 687 3428 nacti,
709 3347 753 3419 de
773 3347 900 3429 nohis,
929 3346 996 3420 etsi
1015 3347 1282 3438 imprudentes¹

224 3473 316 3545 bene
342 3479 461 3545 tamen
488 3478 707 3544 meruerunt.
736 3471 827 3541 luha
854 3471 961 3562 igitur
986 3470 1180 3543 videndum
1213 3490 1285 3563 qua

224 3596 360 3667 ratione
374 3596 489 3667 iontes
503 3593 644 3674 adierit,
657 3611 713 3664 res
729 3592 968 3683 inquisiverit,
981 3600 1015 3665 et
1030 3595 1284 3683 quaesitacom·

223 3720 395 3810 posuerit.
420 3719 507 3790 Nam
535 3717 624 3789 inde
655 3717 787 3807 pendet
820 3736 931 3807 quum
961 3716 1051 3789 fides
1077 3716 1284 3790 adhihenda

223 3844 427 3936 negandove
442 3850 517 3915 tum
533 3843 577 3915 de
593 3843 669 3932 ejus
685 3843 829 3931 ingenio
845 3849 880 3913 et
895 3843 927 3912 11
945 3841 1074 3915 mentis
1090 3841 1279 3934 iudicium.

223 3970 382 4044 sedhic
414 3967 653 4041 controversia
684 3965 814 4049 fervet,
850 3984 931 4057 quae
959 3966 1093 4038 nostris
1128 3967 1283 4040 maxime

222 4095 350 4168 diebus
368 4093 597 4170 exardescere
617 4091 737 4182 erepit.
769 4092 975 4173 1111161111,
996 4093 1090 4164 inter
1108 4110 1199 4181 quos
1220 4095 1282 4165 Pe·

221 4227 335 4300 terus,
359 4235 566 4308 quanquam
586 4217 616 4288 is
637 4215 814 4289 mitiorem
839 4215 1000 4287 animum
1020 4215 1058 4286 iu
1086 4215 1282 4306 posteriore

221 4362 325 4434 opere
338 4342 507 4425 ostendit,
526 4359 605 4413 cum
619 4341 788 4414 Muellero
804 4347 897 4412 stare
915 4339 1140 4430 profitentur,
1152 4339 1279 4412 iubam
