3490 5318
700 541 879 607 -131-

249 683 433 777 proprium
454 688 652 765 auctorem,
673 685 781 754 unam
808 697 949 770 semper
975 680 1014 749 in
1039 684 1171 769 praesto
1196 696 1313 749 rerum

251 809 498 880 universarum
516 805 702 878 historiam
720 805 846 886 tenuit,
861 822 969 894 quam
985 802 1099 875 adiret
1114 809 1314 893 temporum

250 931 413 1004 ordinem
433 938 468 1003 et
487 937 698 1022 perpetuum
724 946 870 1000 casuum
896 933 1099 999 contentum
1124 933 1315 1017 antequam

252 1057 422 1129 scriberet
446 1055 606 1136 visurae,
629 1053 674 1125 ad
699 1070 806 1143 quam
834 1051 940 1123 etiam
972 1051 1145 1142 refugeret
1172 1051 1201 1122 si
1229 1049 1317 1122 forte

253 1178 422 1252 scribenti
439 1175 610 1250 memoria
625 1183 747 1248 auctor
759 1173 849 1248 tides
867 1174 1045 1248 deiiceret.
1064 1175 1317 1248 Habuit-etiam

253 1304 506 1396 antiquitatum
526 1295 705 1397 ἐγχειρίδιον
725 1299 906 1391 quoddam
925 1300 1085 1393 ejusdem
1104 1301 1257 1392 generis,
1281 1301 1318 1370 in

254 1447 325 1520 quo
346 1434 547 1519 congestam
569 1432 853 1515 coarctatamque
873 1425 1132 1506 Romanorum,
1149 1425 1318 1495 Varronis

253 1553 472 1644 praesertim,
502 1551 687 1622 scientiam
707 1548 753 1620 ad
774 1549 947 1639 cuiusque
967 1549 1064 1621 horae
1091 1569 1194 1621 usum
1222 1549 1317 1622 inve·

255 1677 361 1749 niret.
383 1674 562 1748 luhanum
581 1681 774 1764 utrumque
791 1691 881 1764 opus
898 1675 972 1763 J'am
992 1675 1188 1747 Heerenius
1206 1675 1319 1766 conje-

256 1808 349 1874 cerat
370 1799 501 1882 luisse,
525 1818 621 1870 nnnc
645 1817 727 1870 vero
754 1797 841 1870 satis
866 1805 1000 1870 certum
1024 1805 1090 1871 est.
1120 1795 1319 1869 Aroltoeolo·

256 1924 356 2017 ploni
376 1923 501 1997 ducem
523 1923 616 1996 inter
639 1929 800 1994 auctores
825 1929 860 1994 et
883 1930 1115 1996 monumenta
1139 1930 1317 2006 veterum,

254 2045 513 2119 Similitudines
533 2047 741 2118 thesaurum
762 2048 812 2118 rei
832 2048 1070 2137 grammaticae
1091 2046 1320 2138 antiquariae-

255 2189 326 2263 que
341 2171 481 2244 hahuit.
495 2170 720 2252 iiichivinm,
739 2171 948 2254 Varronem,
968 2172 1151 2254 Catonem,
1168 2171 1317 2254 Sullam,

256 2295 460 2368 Ciceronem
478 2295 670 2386 ipsumque
686 2294 898 2386 Augustum,
912 2295 975 2366 sed
992 2314 1105 2386 graeca
1120 2297 1187 2368 suh
1207 2303 1315 2378 veste,

254 2419 403 2502 invenit,
421 2416 518 2510 quod
533 2419 566 2491 ei
581 2418 682 2489 vaide
698 2436 843 2490 necesse
854 2418 934 2501 init,
955 2419 1053 2491 hand
1068 2421 1168 2503 satis,
1189 2429 1227 2492 ut
1242 2423 1319 2511 ipse

256 2546 401 2627 latetur,
423 2544 544 2616 latinae
570 2543 703 2632 linguae
723 2542 851 2632 perito.
883 2544 968 2628 Quae
994 2544 1118 2634 utique
1142 2545 1322 2636 imperitia

256 2687 363 2742 causa
395 2667 463 2739 iuit
493 2685 572 2750 cur,
604 2666 708 2738 lexici
742 2666 848 2737 modo
876 2665 1080 2757 frequenter
1116 2663 1322 2762 Ὁμοιότητας

257 2791 452 2875 adhibens,
481 2791 809 2881 comparationibus
837 2809 1031 2882 gracorum
1057 2793 1323 2884 latinorumque

257 2917 466 2998 nominum,
486 2915 589 2988 Juhae
609 2933 704 3005 saepe
724 2934 745 2986 a
763 2916 920 2987 Varrone
940 2917 1101 3001 traditis,
1125 2919 1202 3008 ipse
1220 2919 1319 3010 pagi-

258 3062 324 3114 nas
351 3061 435 3115 suas
461 3041 595 3132 largius
624 3041 894 3132 consperserit:
925 3048 986 3128 ut,
1009 3044 1161 3135 exempli
1189 3045 1319 3135 gratia,

265 3195 280 3232 r
300 3176 318 3243 ἡ
336 3171 426 3246 λύκος
446 3169 497 3262 μὲν
516 3173 532 3234 ὀ
551 3168 664 3244 λοῦπός
681 3171 746 3234 ἐστι
766 3193 781 3230 r
806 3165 858 3238 Vel
880 3165 954 3234 «τὰ
967 3164 1023 3260 γὰρ
1042 3170 1099 3240 ἔπη
1116 3167 1246 3262 κάρμινα
1263 3196 1321 3235 κα·

259 3301 375 3364 λοῦσιν.
398 3319 413 3356 ›
435 3292 479 3365 ht
497 3291 640 3363 hercule
660 3298 747 3381 quot
764 3297 799 3362 et
819 3298 953 3380 quanta
973 3291 1104 3374 latent,
1126 3295 1324 3383 praesertim

251 3427 303 3490 'es
322 3414 573 3508 Arolaeoloqio
593 3413 802 3506 desumpta!
833 3416 950 3488 Minus
978 3416 1073 3488 enim
1098 3436 1205 3507 quam
1236 3417 1322 3490 tios-

259 3541 330 3614 cuii
348 3559 391 3613 ex
418 3535 629 3635 ‘oppressivas
655 3539 810 3631 decerpti
835 3540 947 3612 oculis
973 3542 1106 3613 nostris
1135 3544 1326 3633 conspicua

261 3671 365 3748 sunt,
394 3682 474 3755 quae
499 3663 635 3736 ossium
663 3665 733 3734 ritu
758 3664 825 3735 suh
853 3683 999 3756 corpore
1018 3666 1148 3749 latent,
1175 3675 1325 3758 aguntve

260 3789 498 3862 materiaturae
514 3793 647 3879 partes,
664 3794 778 3860 totum
796 3790 1008 3861 sustinentis
1024 3809 1127 3881 opus,
1145 3809 1325 3882 nusquam

261 3930 342 3985 vero
368 3913 587 4004 apparentis
623 3913 726 3984 Certe
753 3931 864 4003 quum
893 3914 980 3985 Livii
1010 3914 1142 4003 saepius
1168 3917 1325 4006 vestigiis

261 4034 456 4108 haerontem
475 4037 702 4108 Plutarchum
719 4036 1021 4127 deprehendimus
1039 4038 1076 4108 in
1100 4036 1194 4119 Vilis,
1214 4047 1249 4111 el
1263 4042 1327 4112 sci-

262 4177 343 4232 mus
362 4158 408 4232 ah
426 4178 468 4231 eo
490 4160 653 4232 Livianos
673 4161 744 4232 nisi
763 4162 858 4252 apud
872 4162 999 4233 Juham
1020 4162 1129 4233 iihros
1143 4163 1215 4234 iere
1234 4183 1326 4235 nun-

264 4299 374 4374 quam
393 4281 574 4376 inspectos
601 4282 734 4370 ruisse,
755 4285 856 4358 lubae
881 4287 1001 4378 gratiae
1023 4287 1169 4377 agendae
1192 4289 1327 4372 suntsi
