3498 5324
887 625 927 643 ..
947 593 986 661 3⁴
1006 627 1049 646 .-

434 724 491 802 nis
510 726 646 803 civibus
665 732 834 825 αὐτόνομον
853 732 1027 824 populum
1042 731 1081 803 in
1096 732 1148 806 eis
1166 732 1379 808 facientibus
1391 789 1400 818 ,
1411 733 1500 828 'ipse

434 849 609 944 reliquam
624 859 765 946 gentem
778 854 846 928 sub
857 855 1008 948 imperio
1020 874 1085 930 suo
1096 857 1264 942 tenuerit,
1275 845 1497 952 ambiguum.

434 975 525 1048 bein
544 984 677 1049 ceteras
692 978 864 1063 civitates,
877 981 950 1053 iere
965 998 1090 1054 omnes
1106 981 1243 1074 origine
1258 984 1422 1076 punicas,
1437 990 1499 1060 aut

433 1100 472 1170 in
490 1099 651 1174 dominio
670 1102 836 1176 babuerit
854 1110 915 1177 aut
934 1104 1065 1178 liberas
1085 1107 1159 1197 pati
1177 1106 1353 1193 debuerit,
1375 1109 1498 1181 nuilus

434 1230 556 1297 auctor
579 1224 738 1298 tradidit.
762 1227 894 1334 Tamen
914 1228 1079 1319 quaedam
1104 1230 1202 1303 baud
1228 1231 1337 1304 nimis
1363 1231 1495 1316 dubia,

432 1347 609 1423 Numidiae
628 1356 760 1423 statum
780 1369 891 1442 quum
911 1359 1016 1426 antea
1041 1358 1117 1426 tum
1142 1359 1266 1445 postea
1284 1354 1495 1446 inspiciens,

433 1491 577 1548 cornere
595 1474 685 1547 mibi
700 1474 835 1547 videor.

483 1600 608 1692 Regias
634 1600 830 1692 appellatas
856 1600 968 1674 iuisse
987 1601 1162 1693 quasdam
1188 1603 1366 1678 Numidiae
1389 1603 1496 1677 urbes

430 1725 504 1815 jam
515 1730 620 1798 antea
632 1724 839 1814 memoravi,
850 1724 1498 1821 Cirtham,Hipponem,Vagam,Tba·

433 1851 518 1933 iam,
539 1851 681 1922 Zamam
700 1856 735 1923 et
763 1851 920 1935 Bullam,
942 1850 1004 1923 ubi
1022 1869 1122 1944 reges
1142 1852 1321 1925 interdum
1345 1869 1499 1925 commo·

433 1974 502 2046 rari
525 1973 731 2047 utebantur.
753 1975 863 2067 Cujus
883 1975 1046 2048 omnium
1078 1976 1260 2068 vectigalia
1283 1993 1366 2068 pars
1387 1978 1425 2048 in
1447 1995 1500 2050 re·

432 2099 499 2193 giis
521 2098 650 2193 opibus
669 2105 788 2182 arant,
809 2105 844 2172 et
861 2101 956 2172 inter
974 2099 1015 2168 τὰ
1036 2101 1177 2186 βασίλεια
1195 2100 1241 2172 ab
1260 2100 1424 2192 appiano
1446 2101 1492 2199 (1)

432 2225 546 2307 dicta,
569 2242 649 2297 cum
668 2223 749 2295 aliis
769 2224 891 2315 procui
912 2222 1021 2296 dubio
1036 2225 1177 2315 juribus
1197 2232 1232 2297 et
1250 2226 1495 2316 pertinentiis,

432 2348 726 2422 numerabantur.
748 2347 891 2439 Alioqui
914 2365 995 2421 vero
1023 2347 1146 2422 liberae
1169 2347 1362 2440 degebant,
1385 2357 1499 2424 semet

431 2473 530 2565 ipsas
553 2471 846 2546 administrantes
871 2479 905 2544 et
928 2472 1091 2563 proprios
1111 2472 1301 2556 cudentes,
1324 2472 1499 2547 duntaxat

432 2615 563 2680 aereos,
587 2616 767 2669 nummos.
797 2598 947 2669 Exstant
970 2597 1083 2671 Bullae
1105 2603 1139 2668 et
1163 2597 1339 2688 Hipponis
1362 2595 1494 2691 (iiiiii,

432 2723 500 2805 iii,
522 2742 559 2814 p.
584 2725 641 2806 117,
662 2718 740 2814 bb),
763 2727 797 2794 et
820 2721 960 2805 Cirtba,
984 2739 1065 2812 quoa
1084 2721 1210 2794 indea
1233 2720 1379 2814 Micipsa
1398 2722 1494 2794 Gree-

424 2865 568 2956 corurn,
590 2864 687 2917 nunc
705 2852 823 2917 autem
842 2833 1095 2928 Romanorum,
1116 2851 1221 2918 antea
1238 2845 1344 2918 etiam
1364 2847 1493 2920 Poeno·

432 2988 532 3056 rum,
568 2970 840 3043 communitates
875 2968 1066 3052 babuerat,
1092 2948 1232 3060 jamdiu
1265 2967 1389 3041 eodem
1416 2969 1496 3060 jure

430 3095 613 3168 fruebatur
642 3092 691 3189 (p.
722 3089 866 3184 6666).
890 3093 998 3165 Plane
1029 3098 1147 3165 autern
1173 3091 1327 3165 liberum
1353 3090 1494 3165 vivendi

431 3236 544 3310 genus
563 3223 753 3291 tenuerant
771 3235 912 3308 semper
931 3234 982 3289 eae
1001 3216 1172 3300 civitates,
1194 3217 1244 3288 ita
1262 3221 1301 3288 ut
1320 3214 1426 3289 ctiam
1441 3203 1495 3288 re·

431 3340 535 3434 gibus
554 3340 712 3414 adversae
722 3343 854 3432 saepius
870 3346 990 3413 essent
1009 3335 1073 3434 (2).
1086 3339 1178 3412 iuba
1196 3357 1278 3412 vero
1290 3345 1412 3412 nostro
1423 3356 1496 3431 reg·

431 3471 554 3549 nante,
572 3465 685 3548 Bulla,
698 3464 828 3556 Hippo,
846 3464 954 3556 Vaga,
971 3471 1006 3537 et
1020 3469 1060 3536 ut
1070 3462 1209 3536 videtur
1224 3463 1334 3535 Tbala
1348 3462 1494 3554 quidem

401 3683 405 3690 .
431 3596 466 3662 et
475 3589 580 3661 Zama
592 3605 701 3680 regno
711 3587 840 3661 ablatae
853 3587 1006 3669 inerant,
1018 3587 1139 3660 Cirtha
1151 3589 1391 3659 Romanomm
1404 3593 1491 3669 erat,

431 3731 497 3786 nec
511 3713 643 3785 scimus
664 3710 917 3803 quaesivitates
936 3710 1112 3784 incorum
1132 3711 1208 3783 ioco
1224 3710 1331 3802 regiae
1346 3710 1491 3784 fuerint.

430 3835 602 3908 Nummos
627 3834 802 3908 babemus
833 3834 1002 3908 harumce
1027 3858 1036 3905 ε
1067 3835 1258 3908 Tbabracaa
1288 3839 1323 3906 et
1352 3835 1495 3909 'iunirae

460 4173 495 4238 (i)
512 4173 570 4224 Liv.
586 4170 717 4234 XXXIV,
728 4172 772 4230 622
783 4170 894 4232 iusum,
904 4169 980 4223 XIX.
994 4173 1020 4230 i;
1034 4170 1115 4236 App..
1125 4171 1204 4234 Pon..
1217 4168 1269 4223 166.
1283 4167 1325 4221 Of.
1339 4171 1369 4221 ii.
1382 4169 1444 4235 cfr,
1453 4167 1492 4222 ai.

461 4263 495 4326 (2)
512 4261 586 4325 Sall,
600 4263 670 4324 dap,
685 4260 724 4319 ⁵6,
739 4259 779 4323 66,
792 4259 823 4312 b.
838 4259 900 4325 osa,
914 4259 959 4317 91,
974 4258 1088 4320 Mavors,
1105 4257 1230 4322 Phania,
1246 4259 1281 4323 11,
1297 4258 1322 4320 2,
1337 4275 1363 4324 p.
1379 4256 1492 4310 157-161.

461 4352 610 4404 nocentiora
621 4353 732 4406 manino
748 4347 971 4410 :Enetum-Thala,
988 4349 1026 4400 La
1036 4345 1118 4400 caue.
