3490 5318
852 579 889 590 -
916 544 1032 618 ledf-

403 685 487 758 deos
508 685 598 756 Tlrol
618 689 652 755 et
672 683 758 754 Sellr
781 687 1000 774 memorant,
1023 688 1104 774 post
1128 681 1224 752 varia
1244 679 1351 752 Isidis
1374 698 1469 772 sym-

401 810 502 891 bola,
526 808 627 897 eujus
648 807 763 878 uultus
791 825 918 898 magno
944 808 981 877 in
1010 807 1146 878 honore
1173 805 1284 878 luisse
1307 811 1467 896 apparet.

403 932 555 1018 Quidam
581 937 615 1002 et
640 948 780 1002 sacrum
801 931 878 1021 ejus
898 930 936 1001 in
964 931 1044 1003 luoo
1069 929 1225 1021 positum
1245 936 1468 1022 monstrant,

402 1056 532 1148 signali
547 1073 647 1126 uraeo
669 1054 742 1126 sive
767 1054 893 1144 aspide
912 1055 1015 1127 altari
1046 1054 1227 1126 insidente
1251 1051 1316 1147 (l).
1338 1052 1470 1126 lubaui

401 1189 517 1253 autem
548 1180 712 1257 nummi,
745 1187 873 1270 praeter
907 1179 1063 1252 africana
1095 1179 1209 1253 eade
1238 1178 1469 1269 quibusjam

402 1304 630 1390 dictumest,
661 1310 700 1374 ut
732 1304 982 1394 elephantum,
1019 1305 1181 1400 leonem,
1212 1303 1358 1396 Libyam
1388 1321 1468 1375 oum

325 1405 329 1414 ⁵
402 1429 542 1502 duobus
559 1427 688 1518 jaooIIs
709 1435 743 1500 et
767 1427 866 1518 spioa
884 1429 1074 1520 tremene,
1100 1436 1135 1500 et
1159 1427 1255 1518 regia
1277 1428 1373 1500 velut
1393 1446 1468 1500 eor-

403 1551 614 1643 uueopiam‚
640 1557 839 1642 sceptrum,
863 1557 897 1622 el
916 1551 1096 1623 maritima
1112 1560 1149 1623 ul
1168 1551 1380 1632 tridentem,
1402 1568 1467 1642 gu-

401 1674 660 1758 bernaculum,
697 1693 846 1759 navem,
883 1673 1097 1766 delphinum
1132 1675 1171 1746 in
1203 1693 1264 1747 ore
1298 1693 1469 1748 eoronam

402 1805 581 1890 gerentem
607 1796 678 1891 (ἓ),
707 1798 814 1870 eliam
842 1799 955 1890 plura·
976 1806 1037 1870 aut
1067 1797 1113 1870 ad
1142 1798 1305 1891 publicos
1337 1797 1470 1871 autad

403 1924 617 1998 domestIoos
638 1924 754 1996 nultus
775 1922 973 2014 spectantia
992 1924 1123 1996 lerunt.
1149 1926 1199 1995 be
1219 1923 1378 2016 Augusto
1394 1923 1469 2015 jam
1521 1917 1525 1926 '

404 2048 543 2119 loeutus
563 2065 664 2125 sum:
691 2045 753 2118 sed
771 2047 912 2118 Baalem
931 2054 965 2118 et
986 2046 1173 2129 Astarten,
1195 2049 1347 2139 punioos
1367 2047 1468 2130 deos,

403 2171 564 2243 ludloant
584 2173 644 2244 Sol
665 2178 699 2243 et
719 2173 819 2242 Luna
838 2171 1036 2263 conjuncti,
1059 2171 1130 2243 nisi
1150 2173 1336 2264 Cleopatra
1356 2170 1471 2244 Ptole·

406 2313 589 2384 maeusque
621 2294 727 2367 frater
760 2302 868 2376 sunt;
900 2295 1059 2367 Astartes
1086 2302 1178 2368 oerte
1212 2303 1266 2368 est
1300 2296 1471 2368 sacellum

407 2419 491 2490 luna
519 2425 697 2492 arescente
723 2425 888 2490 ornatum
915 2415 989 2512 (5);
1020 2420 1168 2502 Bacchi,
1200 2421 1290 2491 oalix
1317 2419 1473 2494 bederea

405 2561 536 2624 eorone,
551 2550 586 2614 et
605 2549 698 2615 serto
718 2550 878 2626 ornatus
902 2549 936 2617 et
955 2542 1076 2614 forsan
1095 2562 1239 2634 quoque
1260 2550 1383 2616 taurus
1399 2539 1474 2644 (¹01

406 2667 544 2739 Astarte
564 2669 726 2759 insuper,
746 2667 892 2739 nomine
911 2667 1068 2758 Virginis
1089 2668 1247 2741 Caelestis
1266 2674 1469 2760 assumpto,

405 2793 537 2864 cultum
560 2810 702 2883 semper
721 2791 856 2882 ubique
875 2794 913 2863 in
934 2791 1165 2865 Mauretaniis
1184 2792 1311 2864 babuit
1333 2816 1341 2864 :
1364 2799 1472 2865 testa·

405 2924 462 2988 tur
493 2923 526 2988 et
555 2922 870 2988 monumentorum
895 2935 969 2989 aero
1000 2934 1147 2988 romano
1176 2916 1375 2988 immensus
1405 2935 1472 2988 nu-.

406 3059 523 3112 merus
543 3047 577 3112 et
593 3058 753 3113 arescens
771 3040 857 3112 luna
876 3041 1096 3130 irequenlior
1113 3042 1149 3112 iu
1168 3041 1267 3114 stelis
1288 3048 1323 3113 et
1341 3040 1473 3132 lapidi-

404 3164 485 3235 bus.
512 3166 683 3256 Tempore
707 3165 822 3256 ipsius
848 3165 948 3238 lubae
975 3170 1009 3236 et
1033 3164 1070 3236 in
1102 3164 1181 3255 Ipsa
1209 3165 1304 3256 regia
1336 3164 1473 3236 familia

405 3291 566 3380 exempla
586 3290 747 3361 Caesarea
767 3287 865 3360 dedit
889 3285 952 3383 (ὅ).
977 3288 1048 3361 Sed
1069 3290 1207 3360 nullam
1227 3288 1323 3379 apud
1341 3288 1472 3360 Iubam

405 3419 542 3485 tantum
556 3414 712 3485 valuisse
724 3412 930 3504 religionem
946 3413 1084 3484 nummi
1102 3413 1147 3483 ab
1161 3431 1202 3484 eo
1218 3411 1295 3484 ousi
1310 3411 1474 3485 indicant

404 3544 579 3627 quantum
599 3537 806 3610 Mellarlbis
829 3539 1003 3610 Herculis.
1033 3538 1185 3608 Causam
1213 3537 1288 3610 dixi
1312 3537 1471 3609 fabulam

435 3763 471 3825 (1)
486 3759 570 3823 Milli,
585 3765 670 3822 Num„
687 3762 734 3820 III,
749 3777 821 3811 num.
838 3762 922 3812 tr-le.
940 3763 1185 3812 probabilissimum
1202 3764 1265 3812 mibi
1282 3763 1387 3812 videtur
1403 3764 1474 3815 banc

403 3863 460 3904 esse
475 3851 586 3914 effigiem
601 3850 764 3900 monumenti
779 3865 870 3900 revera
884 3851 1034 3900 exstantis:
1051 3857 1180 3902 truncum
1195 3852 1265 3900 onim
1281 3852 1388 3900 maximi
1406 3855 1473 3902 oraei

402 3938 529 3991 casarea
543 3941 667 3989 effossum
682 3940 709 3988 in
725 3940 807 4003 liujus
821 3941 894 3990 urbis
908 3953 1010 3990 musaeo
1025 3945 1189 3990 asservatum
1205 3955 1312 3990 cernere
1326 3946 1374 3990 est.

436 4028 469 4091 (l)
484 4028 560 4088 ibid..
576 4041 649 4077 num.
665 4027 704 4078 30.

437 4116 470 4179 (3)
488 4118 561 4173 Ibid..
578 4130 652 4167 uum.
672 4117 711 4179 lo,
728 4117 766 4167 le.

436 4207 469 4268 (l)
487 4207 562 4266 leid,
578 4221 650 4258 num.
666 4206 696 4256 lt
711 4211 738 4256 et
751 4206 790 4266 75,
807 4205 846 4257 83.

437 4296 469 4358 (5)
490 4298 517 4347 C.
533 4299 552 4346 l.
568 4299 603 4354 I..
622 4296 695 4359 VIII,
711 4295 781 4353 9350.
798 4302 848 4348 ete.
