3498 5324
905 547 1065 609 ..⁴2-

452 684 498 760 tis
518 692 553 760 et
570 685 796 768 examinatis,
818 684 994 758 nonnulla
1012 683 1056 757 de
1076 689 1170 757 statu
1192 683 1342 776 antiquo
1361 702 1443 776 quae
1462 703 1516 758 re·

453 810 590 902 perisse
606 809 695 881 milri
713 808 835 883 videor
854 809 982 881 dioarn.

502 933 730 1008 Mauretaniae
757 952 839 1026 pars
868 951 950 1024 quae
986 931 1061 1004 Tell
1087 939 1231 1007 roratur
1261 932 1347 1007 inde
1379 933 1515 1007 abillo

453 1067 695 1151 temporeque
709 1056 843 1130 Arabes
858 1058 994 1130 ineolas
1009 1057 1156 1148 aceepit,
1173 1057 1315 1130 deserta
1329 1064 1377 1142 et,
1391 1077 1516 1150 exeep-

453 1182 500 1256 tis
517 1182 670 1255 vellibus
689 1181 844 1273 aliquot,
868 1201 978 1275 propo
998 1182 1157 1255 desolata
1176 1183 1267 1256 laeta
1286 1190 1352 1256 est.
1377 1182 1516 1275 Quippe

454 1307 517 1397 qui
536 1324 662 1398 vagum
681 1306 763 1379 vitae
782 1324 911 1398 genus,
934 1314 973 1379 ut
998 1306 1150 1398 pigritiae
1168 1307 1436 1398 latrociniisque
1455 1307 1515 1380 de·

454 1429 538 1512 diti,
560 1430 701 1502 unitam
725 1447 837 1521 prope
856 1429 1015 1502 divitiam
1040 1430 1078 1502 in
1101 1430 1293 1522 »peroribus
1319 1435 1512 1522 ponentes,

453 1560 584 1647 agunt,
606 1561 640 1626 et
658 1559 786 1626 natura
805 1553 1044 1628 leraoissimos
1064 1572 1208 1645 campos
1228 1573 1361 1647 pasoua
1378 1562 1414 1629 et
1431 1556 1516 1628 soli·

454 1677 599 1750 tudines
619 1677 696 1749 lieri
719 1678 917 1750 voluerunt.
940 1677 1031 1749 Hine
1048 1679 1147 1770 sylva
1160 1677 1300 1750 inutilis
1319 1679 1516 1752 immensos

452 1800 611 1874 absumit
634 1807 785 1884 tractus,
812 1807 874 1873 aut
899 1820 1024 1873 rursus
1044 1801 1107 1872 ubi
1127 1800 1294 1892 proderat
1312 1801 1517 1874 intenditur

452 1930 514 1997 aut
533 1930 708 2007 vastatum
727 1925 813 1997 hine
831 1942 957 1996 onrsus
976 1942 1171 2014 aquarum,
1190 1925 1251 2015 qui
1264 1931 1370 1998 antea
1386 1925 1517 2016 angini-

451 2047 522 2120 bus
540 2047 671 2120 muniti
690 2047 883 2138 perfossas
902 2048 1088 2138 aptissime
1102 2048 1226 2120 duetas
1241 2048 1394 2140 irriguos
1413 2067 1516 2141 agros

452 2172 609 2253 alebant,
632 2170 801 2263 operibus
819 2177 881 2243 aut
898 2171 1067 2262 neglectis
1084 2177 1148 2244 aut
1166 2191 1209 2244 en
1224 2173 1402 2246 industria
1417 2172 1514 2245 delo·

452 2296 512 2379 tis,
535 2297 688 2368 nuncin
708 2295 929 2368 convallibus
949 2302 1120 2387 vagantur
1139 2298 1331 2388 omniaque
1350 2297 1420 2369 late
1438 2315 1516 2368 ras-

452 2426 549 2503 tant,
584 2438 681 2492 nune
713 2426 804 2493 aestu
842 2420 997 2493 lervonto
1032 2426 1219 2504 arescunt3
1254 2420 1339 2492 hino
1372 2438 1515 2494 omnem

453 2545 525 2617 lere
543 2550 674 2616 terram
694 2550 867 2635 oooupant
881 2550 1044 2634 vepreta,
1065 2544 1207 2618 obsidet
1226 2545 1352 2627 lehris;
1374 2551 1436 2617 aut
1453 2563 1515 2636 pa·
1558 2587 1561 2592 -

453 2669 555 2742 ludes
576 2675 637 2740 aut
657 2669 772 2759 campi
791 2668 883 2739 aridi
901 2667 1090 2741 ditissimae
1109 2669 1194 2741 olim
1211 2668 1367 2760 regionis
1390 2665 1436 2764 (l)
1459 2674 1512 2740 te-

452 2798 539 2863 nont
557 2792 687 2864 locum.
711 2793 812 2863 Prius
828 2798 946 2864 autem
967 2810 1075 2881 quarn
1095 2793 1332 2866 Mauretanias
1352 2792 1516 2883 perderet
1580 2865 1583 2870 .

382 2907 383 2912 ‘
453 2916 599 2988 locustis
620 2915 804 2988 simillima
818 2916 916 2988 natio
931 2922 966 2988 et
978 2934 1058 3006 quae
1076 2916 1163 2988 honi
1181 2917 1320 3006 aliquid
1335 2935 1513 3008 nusquam

452 3047 514 3113 aut
533 3041 614 3113 lecit
633 3047 694 3112 aut
712 3040 834 3123 faeiat,
864 3040 967 3131 longe
991 3039 1093 3112 aliter
1121 3059 1178 3113 res
1205 3049 1304 3112 orant
1327 3065 1335 3112 :
1362 3059 1514 3132 quarum
1559 3025 1561 3032 '

453 3166 644 3256 imaginem
664 3171 819 3245 serrant,
836 3164 1022 3237 evanidam
1044 3183 1130 3236 sane
1149 3173 1184 3238 et
1203 3167 1345 3256 qualem
1364 3171 1446 3257 post
1463 3170 1516 3236 tot

454 3289 567 3362 terrea
587 3291 718 3362 saeeula
736 3290 902 3362 laoillime
922 3290 1208 3381 esseintelligas,
1232 3291 1344 3362 saltus
1360 3296 1394 3363 et
1414 3307 1514 3360 mon·

453 3413 528 3484 teni
549 3419 680 3484 tractus
704 3413 742 3482 in
769 3413 901 3502 quibus
924 3413 1041 3504 prisea
1065 3414 1252 3485 nominum
1283 3431 1370 3505 gens
1402 3413 1515 3485 libera

453 3553 568 3627 usque
588 3553 666 3607 sese
684 3535 850 3608 assernit.
876 3536 955 3620 llio,
974 3542 1014 3608 ut
1033 3538 1071 3608 in
1090 3535 1252 3628 Kohplio
1270 3538 1417 3628 majore,
1434 3555 1514 3628 per·

454 3661 622 3751 frequens
645 3676 757 3750 genus
784 3660 1007 3740 humanum,
1029 3660 1124 3732 oulta
1147 3659 1318 3751 usquein
1337 3659 1513 3732 montium

449 3785 545 3877 jugis
565 3791 671 3867 terra,
690 3783 789 3856 rudis
807 3784 870 3857 sed
885 3784 1019 3859 fervida
1030 3784 1180 3857 utilibus
1198 3785 1305 3858 rehus
1320 3784 1510 3867 industria,

486 4090 520 4156 (l)
534 4089 591 4142 Jul.
608 4089 709 4152 Front,
722 4090 758 4140 De
772 4096 884 4142 commeo.
900 4103 966 4156 egr„
982 4091 1024 4142 ed.
1039 4091 1157 4150 haohm„
1173 4090 1194 4154 1,
1209 4106 1235 4156 p.
1251 4091 1290 4155 88,
1305 4089 1340 4154 11,
1353 4105 1380 4156 p.
1395 4090 1433 4144 36.
1448 4087 1513 4142 Oee-

455 4181 531 4238 eiod..
546 4179 609 4242 ner„
624 4179 679 4238 ΙΙΙ,
698 4178 737 4230 53.
750 4177 872 4244 Procop.‚
891 4181 920 4232 B.
939 4182 1031 4243 lond,
1045 4180 1085 4242 Π,
1106 4180 1143 4233 19.
1163 4179 1273 4240 Colum„
1288 4180 1342 4244 IX,
1357 4180 1395 4232 ll.
1416 4182 1514 4244 repeat

454 4269 560 4335 detorto,
572 4285 598 4335 p.
612 4268 692 4328 Sidi,
707 4269 793 4332 eret,
807 4268 848 4321 59.
1406 4276 1407 4280 ’
