3490 5318
905 553 1064 614 ..93-

453 694 524 765 nisi
543 694 582 763 in
604 692 763 764 nummis
789 696 935 781 apparet
955 689 1060 779 regiae
1079 686 1300 759 condicionis
1321 685 1511 777 particeps.

501 817 663 888 Ceterum
693 816 805 887 multo
835 821 918 886 ante
941 813 1109 885 maritum
1134 811 1311 893 decessit,
1338 816 1374 882 et
1399 809 1513 900 filium

451 940 639 1031 parvulum
672 939 838 1029 reliquit,
871 938 1102 1011 Ptolemaeum
1132 935 1291 1008 nomine.
1324 935 1464 1006 Etenim
1495 951 1515 1004 a

304 1083 308 1094 ·
452 1065 569 1137 Tacito
588 1061 640 1157 (l)
667 1063 868 1154 accepimus
889 1063 987 1136 huno
1008 1061 1269 1134 adolescentem
1292 1079 1379 1132 ann.
1402 1061 1445 1134 D.
1468 1061 1512 1130 25

451 1188 563 1260 luisse
583 1205 694 1277 quum
710 1187 802 1278 patri
821 1187 858 1258 in
879 1205 1028 1277 regnum
1047 1184 1236 1267 successim
1255 1185 1313 1257 vix
1329 1184 1437 1276 igitur
1452 1201 1512 1274 po·

451 1314 519 1386 tuit
533 1312 646 1385 multo
663 1311 943 1384 antechristum
958 1317 1084 1382 natum
1099 1310 1236 1381 natales
1256 1307 1400 1381 hahere.
1422 1308 1513 1380 Juha

450 1443 570 1509 autem
590 1454 676 1507 ann.
698 1437 740 1506 D.
765 1437 784 1505 e
805 1436 879 1526 jam
903 1432 1079 1507 secundas
1103 1433 1248 1524 nuptias
1272 1440 1309 1505 et
1329 1431 1459 1505 inierat
1480 1439 1514 1503 et

451 1561 604 1632 solverat
615 1557 773 1654 (t),quae
787 1561 818 1631 si
835 1557 887 1652 (ut
901 1557 1396 1650 ingeniosissimeconjecitd.
1408 1557 1513 1630 lluel-

451 1681 559 1777 lerus)
587 1692 745 1775 tempore
769 1683 910 1755 Arabici
935 1684 1021 1756 helli
1045 1683 1145 1756 factae
1168 1688 1277 1765 sunt,
1305 1682 1510 1773 Cleopatra,

450 1809 542 1880 cirea
567 1826 683 1880 annos
708 1807 883 1880 nativitati
909 1807 1042 1879 Christi
1065 1807 1202 1879 vicinos
1227 1813 1385 1889 mortua,
1416 1805 1511 1876 haud

450 1934 562 2006 multo
582 1952 696 2006 annos
717 1933 797 2006 vitm
814 1953 890 2005 xxx
910 1932 1089 2023 superavit
1112 1930 1177 2026 (5).
1338 2027 1344 2042 .

497 2058 578 2129 Fuit
597 2058 786 2149 Glaphyra,
809 2075 891 2150 quae
907 2055 1006 2129 Juhae
1023 2063 1105 2147 post
1123 2056 1345 2147 Cleopatram
1365 2055 1510 2130 deiunc-

451 2188 522 2252 tam
547 2182 690 2272 nupsit,
721 2180 797 2252 lilia
822 2181 985 2254 Archelai
1013 2179 1246 2271 Cappadociae
1272 2180 1383 2272 regis,
1401 2180 1511 2260 ,vidua

448 2310 560 2377 morte
579 2302 784 2386 Alexandri,
805 2303 956 2378 Herodis
972 2303 1051 2390 lilii,
1072 2322 1178 2395 quem
1194 2311 1294 2396 pater
1310 2304 1387 2378 neci
1404 2303 1510 2378 dede·

445 2434 499 2499 rat
513 2445 599 2498 ann.
622 2447 655 2498 a.
679 2428 718 2499 C.
741 2430 762 2498 3
782 2434 843 2500 aut
861 2431 896 2499 t.
915 2430 1015 2501 Unus
1031 2446 1109 2500 eam
1127 2427 1229 2501 lubae
1246 2430 1415 2520 nupsisse
1429 2447 1510 2500 nar·

445 2557 499 2622 rat
517 2552 694 2642 losephus
713 2548 783 2646 (t),
805 2551 978 2643 additque
996 2559 1077 2643 post
1095 2560 1244 2624 mortem
1265 2550 1366 2625 tubae
1385 2553 1508 2624 tertias

443 2674 578 2747 adiisse
599 2675 745 2765 nuptias
765 2694 844 2747 cum
870 2675 1065 2747 ethnarcha
1085 2676 1280 2760 Archelao,
1302 2676 1409 2766 primi
1430 2693 1506 2746 ma·

442 2798 501 2869 riti
527 2797 652 2879 tratre,
676 2805 710 2870 et
736 2805 912 2872 mortuam
936 2817 1022 2870 ann.
1053 2801 1095 2870 D.
1124 2803 1157 2870 7.
1185 2799 1256 2872 Sed
1280 2799 1372 2873 luha
1396 2818 1506 2890 quum

441 2921 569 2994 vixerit
588 2919 763 3011 usquead
781 2940 868 2993 ann.
890 2924 933 2993 D.
956 2925 1016 3004 11,
1039 2923 1186 3014 plurimi
1206 2922 1300 2996 docti
1320 2924 1505 3004 homines,

441 3052 504 3117 aut
529 3045 658 3136 partim
685 3052 748 3116 aut
774 3045 922 3116 omnino
947 3046 1143 3138 alosepho
1173 3047 1256 3118 data
1282 3047 1504 3139 rejicientes,

439 3168 502 3239 alii
521 3168 788 3241 matrimonium
808 3186 888 3239 oum
906 3168 998 3239 Juha
1019 3168 1134 3243 tuisse
1152 3179 1305 3262 negant,
1332 3172 1394 3243 alii
1413 3171 1507 3243 inter

441 3308 532 3381 quos
552 3293 794 3366 Mommsenus
814 3292 1081 3365 matrimonium
1102 3312 1181 3366 cum
1206 3295 1404 3380 Archelao,
1427 3315 1504 3368 om-

439 3433 504 3488 nes
524 3434 672 3508 prorsus
688 3417 860 3489 erravisse
878 3418 1073 3509 losephum
1094 3424 1276 3508 putantes,
1297 3438 1503 3518 quanquam

440 3558 527 3613 sane
546 3540 695 3611 istarum
716 3557 834 3611 rerum
854 3559 987 3631 gnams
1007 3559 1106 3625 esso,
1130 3549 1168 3614 ut
1186 3541 1342 3626 videtur,
1365 3542 1503 3616 debuit.

438 3665 482 3737 At
509 3664 598 3736 mihi
625 3663 777 3736 sevinus
803 3664 943 3737 videtur
966 3666 1181 3738 solutionem
1206 3667 1350 3758 planam
1381 3666 1504 3740 admo-

438 3787 523 3861 dum
544 3789 746 3879 suspicatus
772 3806 870 3871 esse,
897 3796 932 3862 et
959 3790 1137 3881 Iosephus
1166 3807 1239 3861 non
1265 3791 1368 3862 aliter
1395 3809 1502 3880 quam

465 4043 503 4108 (l)
518 4039 590 4103 Tac..
609 4047 690 4106 Aoo„
706 4041 753 4109 1v,
769 4043 809 4099 23.

384 4137 386 4141 ’
465 4133 498 4196 (i)
515 4131 601 4188 Mull,
619 4134 721 4200 suppl„
737 4151 763 4199 p.
778 4135 819 4186 75.

467 4222 499 4284 (3)
518 4221 547 4273 G.
560 4223 645 4286 llum,
664 4222 764 4288 Fropm.
781 4225 839 4276 hist.
857 4224 916 4288 Gr„
933 4219 981 4287 111,
998 4243 1027 4292 p.
1043 4223 1098 4278 466.

469 4311 501 4373 (t)
518 4310 584 4374 dos„
600 4315 661 4363 Ant.
676 4314 748 4374 dud,
765 4311 868 4373 XVllI,
882 4314 922 4370 l3;
941 4317 969 4364 lt.
984 4315 1055 4377 tuo,
1071 4315 1107 4375 11,
1123 4315 1146 4366 t.
