3498 5324
885 568 925 582 -
947 536 983 597 36
1005 568 1045 582 -

485 679 661 752 Numidiae
680 676 852 755 divitates,
875 673 1007 764 quibus
1027 674 1158 764 punica
1177 673 1274 764 origo
1294 680 1329 746 et
1347 676 1500 765 puniens

436 823 552 879 sermo
583 808 679 884 erat,
707 797 993 890 Carthaginiensi
1027 797 1181 886 similem
1216 799 1499 889 rempublicam

380 920 385 929 ’
435 934 637 1003 tenuerant.
668 928 820 999 Senatus
850 941 971 996 earum
1001 931 1036 996 et
1060 923 1240 1016 principes
1264 924 1364 1016 ejus,
1390 944 1500 1016 graue

434 1049 641 1149 apeadovepot,
659 1051 892 1122 nominantur
911 1046 975 1141 (l).
993 1047 1177 1134 Quomodo
1198 1048 1292 1122 inter
1311 1049 1500 1139 optimates

437 1198 478 1252 ao
491 1178 695 1269 populares,
710 1192 863 1265 quorum
876 1172 1167 1245 contentionibus
1182 1173 1344 1244 omnium
1361 1173 1399 1244 in
1415 1173 1501 1246 orbe

437 1303 618 1376 civitatum
642 1319 705 1391 per
723 1305 775 1371 tot
798 1297 928 1370 saeoula
953 1297 1103 1396 historia
1127 1297 1303 1381 constitit,
1326 1297 1421 1387 apud
1440 1314 1500 1369 eas

437 1445 495 1500 res
515 1445 553 1498 se
572 1424 750 1505 babuerit,
767 1422 942 1513 ignotum,
959 1440 1025 1494 neo
1043 1422 1176 1494 seimus
1196 1440 1255 1503 an,
1276 1421 1373 1512 quod
1397 1422 1500 1511 quasi

438 1551 574 1640 ubique
592 1548 726 1636 evenit,
749 1547 873 1619 viotrin
893 1546 996 1638 plebs
1017 1545 1181 1618 evaserit.
1204 1546 1392 1618 Probabile
1412 1546 1501 1617 mibi

439 1676 578 1748 videtur
607 1673 855 1763 Carthaginem
884 1671 1059 1762 primum,
1091 1676 1216 1761 postea
1246 1673 1359 1743 multo
1388 1671 1501 1762 magis

440 1803 605 1881 Romam,
631 1798 842 1889 optimatum
869 1795 1032 1888 partibus
1058 1795 1212 1878 lavisse;
1237 1814 1358 1886 regum
1383 1802 1501 1868 autem

438 1903 559 1996 forsan
593 1925 759 1995 intererat
786 1939 831 1992 ne
861 1921 969 1992 nimis
998 1920 1168 1992 nobilitas
1195 1897 1369 2012 polleret,
1399 1939 1500 2011 quae,

440 2067 580 2139 semper
598 2047 707 2119 unius
727 2045 962 2118 dominationi
987 2045 1152 2128 adversa,
1175 2052 1209 2118 et
1232 2043 1301 2117 sibi
1321 2053 1356 2118 et
1378 2044 1503 2136 patriae

439 2173 639 2246 libertatem
661 2171 816 2243 vindieat
838 2195 846 2240 ε
870 2177 951 2243 utut
971 2177 1045 2254 ost,
1065 2171 1219 2261 partium
1245 2189 1287 2243 ao
1310 2170 1503 2244 lactionum

442 2297 561 2371 studia
577 2316 638 2370 our
653 2297 724 2369 buo
736 2303 798 2369 aut
812 2297 898 2368 illue
912 2297 1018 2368 variae
1037 2297 1195 2368 civitates
1213 2296 1252 2368 in
1268 2295 1373 2368 bellis
1388 2314 1408 2368 e
1425 2295 1504 2386 qui·

441 2421 509 2492 bus
536 2419 654 2492 adbuc
683 2427 840 2493 recentes
867 2426 969 2491 erant
994 2437 1073 2492 sese
1099 2419 1325 2492 addidissent
1350 2420 1503 2492 multum

441 2547 601 2637 potuisse
613 2546 786 2636 suspicor.
802 2547 955 2632 Quinam
971 2545 1104 2617 luerint
1118 2546 1346 2636 magistratus
1361 2563 1504 2636 quaque

442 2671 650 2743 auotoritate
669 2670 737 2751 usi,
760 2677 940 2743 nesoimus
964 2694 972 2740 :
994 2670 1114 2741 forsan
1131 2688 1203 2742 non
1221 2689 1294 2743 una
1310 2670 1433 2744 eadem
1453 2676 1505 2742 tot

442 2794 643 2866 civitatibus
665 2794 778 2865 forma
796 2794 875 2866 luit.
899 2796 1044 2877 Tamen,
1066 2793 1138 2866 nisi
1158 2794 1254 2884 apud
1272 2812 1397 2866 omnes
1418 2776 1505 2868 sane

441 2920 538 3012 apud
567 2919 773 3010 plerasque,
806 2919 944 2991 Suletes
974 2919 1130 3009 primum
1161 2920 1278 2991 looum
1311 2920 1502 3003 tenebant,

442 3063 533 3134 quos
552 3043 647 3115 tituli
668 3042 793 3116 Avitta
812 3042 935 3115 Bibbae
958 3039 1015 3137 (0.
1038 3038 1071 3114 Ι.
1094 3039 1155 3127 L.,
1178 3040 1369 3136 Vlll,·7o7)
1393 3044 1506 3116 norni-

442 3176 549 3250 nant‚
578 3176 612 3241 et
637 3169 790 3240 Calama
813 3165 933 3262 (5506)
957 3175 992 3242 ot
1016 3169 1149 3242 Gurubi
1178 3167 1321 3262 (loono)
1346 3178 1380 3243 et
1406 3169 1505 3260 Lepti

444 3293 581 3364 minore
610 3299 644 3364 et
670 3292 826 3364 Tbibioae
854 3290 963 3385 (too).
993 3295 1042 3364 Ex
1076 3294 1133 3364 bis
1158 3294 1327 3365 omnibus
1360 3300 1507 3384 apparet

443 3415 600 3486 civitates
615 3416 653 3485 in
665 3433 773 3505 regno
784 3415 974 3503 Numidiae,
991 3417 1172 3489 civitatum
1187 3417 1223 3487 in
1233 3418 1349 3490 dirioa
1360 3419 1503 3491 similli-

441 3522 540 3622 mas,
560 3538 692 3610 liberas
712 3538 862 3622 vixisse,
888 3541 1070 3631 republica
1089 3543 1126 3613 in
1150 3560 1228 3614 eam
1249 3542 1413 3615 ordinata
1433 3543 1504 3615 lor-

444 3682 538 3735 mam
554 3680 662 3754 quam
678 3663 789 3736 Graeoi
805 3667 1006 3758 τιμοκρατίαν
1024 3673 1163 3748 vocant,
1182 3675 1365 3757 praeunte
1380 3677 1506 3741 senatu

444 3808 485 3861 ex
501 3789 678 3861 nobilium
694 3789 916 3880 divitumque
934 3792 1093 3881 gentium
1113 3793 1275 3882 patribus
1291 3793 1504 3884 conscripto,
1719 3849 1720 3860 ,

478 4101 512 4166 (l)
526 4101 583 4152 biv.
599 4095 689 4162 XXX,
707 4098 750 4164 123
764 4096 850 4160 bion,
867 4096 970 4165 XXIV,
982 4101 1028 4153 Ee.
1042 4102 1071 4154 da
1083 4100 1155 4163 ot'rt,
1170 4118 1195 4168 p.
1207 4100 1264 4162 565,
1279 4101 1352 4161 Sall..
1369 4103 1437 4168 top,
1453 4101 1492 4155 66.

482 4192 627 4242 decentiore
641 4193 774 4240 nomino:
793 4181 1060 4250 Henehir-Bou-Ftis,
1076 4191 1180 4252 Korba,
1197 4193 1295 4256 Labda,
1311 4193 1508 4244 Henebir-Bir-

444 4280 541 4344 Magra.
