3490 5318
716 627 756 658 2·-
776 603 834 674 lm
853 627 896 660 ·-.·

270 765 338 841 que
357 756 392 822 et
410 749 544 842 populo
557 748 668 822 luisse
686 747 934 840 cognoscimus
951 763 992 820 ex
1007 743 1160 838 eoquod
1174 742 1251 838 ejus
1263 741 1328 818 no·

269 891 350 945 mon
369 871 408 944 in
425 879 525 945 tanta
547 872 744 945 reuerentia
766 872 901 944 mansit
925 877 966 943 ut
991 870 1162 962 posthae,
1192 868 1231 941 in
1250 886 1331 961 pro-

268 996 419 1069 vinciam
439 995 580 1069 redacto
598 995 828 1069 Mauretania
841 994 1046 1087 regne-illo
1063 1011 1103 1081 se
1116 991 1333 1068 decoraverit

268 1119 299 1192 si
324 1119 425 1211 quis,
451 1136 562 1192 novas
588 1136 646 1191 res
676 1124 870 1210 appetens,
896 1117 1063 1210 gentibus
1087 1124 1225 1210 gratum
1252 1133 1332 1189 esse

268 1242 445 1335 cupiebat.
467 1241 589 1315 Tradit
609 1242 705 1316 enirn
725 1241 865 1316 Tacitus
887 1239 935 1336 (l)
958 1241 1144 1314 Lucceium
1160 1240 1331 1314 Albinum

269 1372 532 1458 procuratorem
546 1371 629 1459 post
648 1349 798 1438 mortem
818 1363 970 1440 Neronis
990 1349 1233 1456 suspicionem
1252 1383 1331 1436 nro·

268 1489 362 1564 risse
383 1490 470 1580 quia
490 1496 525 1563 et
543 1489 685 1582 insigne
704 1488 798 1581 regis
817 1495 852 1562 et
878 1489 980 1564 lubae
1003 1508 1134 1563 nomen
1158 1506 1332 1580 usurpare

268 1615 513 1707 spargebatur,
530 1614 628 1706 quod
644 1615 677 1687 ei
692 1615 843 1706 capitale
858 1613 939 1687 fuit.
956 1613 1065 1686 Vivus
1081 1613 1227 1705 quidem
1241 1613 1333 1686 Julra
1442 1685 1446 1692 ,

271 1755 383 1831 quum
403 1744 455 1811 tot
472 1757 494 1811 a
512 1738 645 1830 populo
662 1756 811 1814 romano
831 1755 914 1829 onae
929 1755 1039 1830 supra
1053 1737 1241 1810 retulimus
1255 1744 1331 1810 tum

270 1861 1330 1956 variaanobilissimisciritatibnshonorisoausaaeeeperat:

271 1987 333 2078 qni
354 1987 513 2060 Gadibus
540 1986 724 2060 llviratum
749 1992 838 2060 teste
861 1985 996 2060 buono
1022 1982 1093 2081 (2),
1121 1985 1334 2078 Carthagine

265 2089 365 2184 'Nova
375 2111 559 2184 llviratum
570 2129 607 2203 q.
618 2129 655 2202 q.
668 2109 770 2204 cujum
784 2109 924 2182 nummi
935 2117 970 2183 et
977 2109 1105 2182 titulus
1115 2115 1257 2182 ensmnt
1265 2105 1330 2204 (5),

270 2234 458 2326 utriusque
483 2243 518 2308 et
546 2234 667 2308 forsan
694 2234 889 2308 multarum
915 2234 1067 2340 aliarum
1105 2239 1332 2328 patronatum

270 2353 520 2454 obtinerem),
544 2359 695 2434 Athenis
713 2366 834 2436 autent
858 2366 1012 2449 statuam
1033 2376 1113 2431 oum
1134 2359 1245 2431 altera
1266 2356 1333 2430 tilii

270 2483 308 2556 in
333 2483 518 2576 gymnasio
545 2484 727 2560 Ptolemaei
750 2480 819 2578 (b),
841 2491 970 2576 praeter
990 2483 1095 2557 eliud.
1109 2477 1206 2575 qnod
1227 2482 1334 2555 retuli

271 2607 349 2680 sine
367 2607 478 2681 dubio
498 2626 688 2683 commune
711 2614 1004 2692 monumentum,
1026 2608 1166 2682 babuit.
1187 2605 1334 2680 Minime

270 2748 351 2823 ergo
371 2731 708 2806 mirabimurdeum
727 2739 978 2825 postmortem
998 2732 1161 2806 habitum
1184 2756 1194 2803 r
1215 2746 1334 2821 neque

270 2855 387 2929 solnm
406 2857 500 2931 inter
521 2855 636 2940 diros,
657 2863 697 2930 ut
714 2857 825 2930 fiebat
842 2859 1047 2932 Maurorum
1063 2856 1206 2949 regibus
1225 2854 1333 2927 etiam

270 2979 376 3065 rivis,
398 2980 600 3074 adscriptus
620 2987 693 3065 est,
715 2980 779 3055 sed
797 2981 895 3054 cultu
913 2977 1011 3072 quod
1030 2979 1153 3053 domui
1172 2985 1207 3052 et
1224 2996 1333 3069 regno

270 3112 481 3196 superesset
496 3113 720 3197 prosecutus,
741 3121 848 3197 quem
865 3104 1000 3176 cultum
1019 3102 1147 3195 primis
1167 3101 1334 3178 Ecclesia

269 3227 473 3303 christianae
510 3229 650 3304 saeculis
685 3228 805 3304 adhuc
841 3230 880 3301 in
918 3228 1139 3305 Mauretania
1177 3224 1334 3319 riguisse

270 3359 446 3427 testantur
460 3355 637 3429 Minucius
655 3355 754 3428 Felix
768 3360 803 3428 et
822 3355 1023 3447 complures
1038 3351 1171 3427 diserte
1185 3351 1246 3425 alii
1265 3345 1331 3446 (61.

317 3477 409 3550 lube
423 3485 463 3550 ut
482 3479 646 3570 plerique
664 3495 765 3570 reges
782 3497 901 3572 neque
919 3478 958 3553 in
976 3459 1249 3574 regno'nomine
1268 3494 1333 3552 suo

300 3729 336 3796 (i)
348 3729 421 3791 Tae..
437 3730 513 3794 ner..
529 3731 565 3793 11.
578 3729 618 3782 58.

300 3819 336 3886 (i)
349 3820 455 3879 Arion..
468 3820 512 3873 Or.
527 3820 625 3882 natta,
639 3819 696 3871 275.

301 3907 336 3972 (3)
349 3906 413 3958 vid.
425 3909 438 3972 ι
450 3908 479 3964 I:
494 3907 581 3972 nur..
595 3908 646 3970 111,
660 3922 735 3960 num.
753 3906 808 3960 108.

302 3998 336 4063 (1)
348 3996 411 4049 llid.
427 3998 506 4049 deod.
520 3998 541 4048 1.
557 4005 580 4048 et
594 3999 673 4054 Μ..
687 4001 706 4048 1.
722 3995 927 4062 xxxvr11,p.
941 3995 994 4049 101.

299 4086 335 4151 (5)
349 4085 440 4148 Paua..
453 4085 479 4144 1.
498 4085 552 4141 tlt.
568 4085 630 4138 lam
644 4090 739 4139 meus
755 4085 899 4140 Mammisea
911 4087 1028 4138 statuam
1048 4085 1109 4140 Deli
1122 4087 1250 4138 habuerat
1268 4085 1333 4150 (ilo-

269 4175 357 4235 nolte,
373 4173 451 4226 Arcti.
468 4176 511 4226 det
525 4175 737 4238 terame-111,
752 4179 772 4227 t.
787 4174 852 4238 vir,
866 4189 893 4240 p.
905 4173 956 4240 71).

302 4263 336 4328 (6)
349 4262 415 4314 ltin.
432 4261 498 4327 aar..
513 4264 559 4316 td:
570 4264 604 4320 de
617 4263 694 4322 1611.Ι
702 4279 733 4329 n.
747 4265 791 4327 153
809 4265 894 4328 lieet,
914 4265 951 4318 ot
962 4263 1022 4330 loir.
1037 4263 1121 4328 ntia,
1137 4263 1162 4326 l,
1180 4262 1205 4315 11
1218 4283 1226 4322 t
1240 4261 1332 4328 cypr..

269 4352 304 4404 De
317 4352 380 4406 idol.
395 4355 492 4417 uomit..
503 4353 536 4414 22
547 4352 670 4414 Tertull..
683 4354 803 4421 Apoloa„
813 4353 863 4414 2t;
878 4353 1041 4420 lli-..Dama
1051 4355 1148 4422 1113111.
1161 4353 1214 4408 tlt.
