3498 5324
877 598 1016 658 -g..

386 739 496 808 malni
516 753 812 825 unumquemque
832 741 871 805 ut
899 735 1025 806 obvius
1044 733 1080 804 in
1102 732 1312 804 disserendo
1333 731 1508 802 11111111-

387 855 487 925 grum
507 834 591 905 dare
612 852 718 923 quam
741 851 866 903 omnes
884 833 930 904 ad
950 833 1078 902 calcem
1103 831 1185 900 libri
1205 849 1278 899 una
1298 837 1435 901 coactos
1455 848 1507 900 re-

383 935 505 1023 jicere,
528 931 682 1021 primum
703 930 799 1020 quod
815 930 916 1018 pauci
938 935 1071 1010 essent,
1095 928 1176 1000 dein
1199 928 1296 1017 quod
1314 926 1507 998 admodum

386 1031 525 1101 breves.
549 1030 706 1114 Quorum
728 1027 872 1116 quidem
897 1027 1039 1097 nullum
1065 1044 1122 1097 me
1146 1025 1361 1114 praeteriisse
1382 1043 1507 1113 parum

387 1126 623 1205 confiderem,
651 1125 687 1194 ni
721 1126 825 1194 solita
852 1125 890 1194 in
922 1143 977 1194 me
1010 1123 1230 1212 benignitate
1263 1124 1507 1192 Mommsenus

387 1224 505 1295 adhuc
533 1223 667 1294 inedita
697 1221 869 1313 Corporis
893 1221 1075 1293 volumina
1101 1220 1312 1310 interrogari
1347 1219 1392 1290 ab
1419 1219 1508 1308 ipsis

389 1321 521 1412 quibus
541 1320 808 1392 condendorum
829 1339 913 1390 cura
932 1326 1005 1398 est,
1029 1318 1180 1389 summis
1201 1318 1286 1388 viris
1307 1315 1509 1388 Hirschfeld

389 1426 423 1490 et
444 1421 635 1499 Bormann,
659 1436 736 1489 mea
756 1436 862 1488 cansa
881 1417 1065 1488 voluisset.

436 1517 514 1588 Non
539 1533 621 1606 ergo
647 1516 822 1586 lubanam
856 1521 896 1585 nt
921 1514 971 1585 ita
997 1514 1110 1585 dicam
1143 1512 1418 1604 cyclopaediom,
1446 1513 1509 1584 sed

389 1615 509 1704 potius
529 1614 582 1684 vel
602 1614 706 1684 unice
726 1613 929 1683 historicam
948 1611 992 1682 de
1010 1612 1101 1682 luba
1122 1630 1201 1701 rege
1221 1611 1508 1682 dissertationem

391 1711 551 1783 editurus
570 1710 715 1800 prodeo.
735 1710 960 1799 Propositum
977 1709 1121 1798 duplex.
1140 1711 1300 1798 Namque
1316 1715 1350 1779 et
1369 1708 1414 1778 ab
1429 1707 1509 1778 aliis

391 1808 484 1880 dicta
502 1807 666 1897 colligere
681 1807 847 1880 ordinare
864 1807 1036 1884 conferre,
1054 1807 1307 1878 concordantia
1322 1805 1510 1877 enuntiare

391 1905 630 1996 discrepantia
654 1904 869 1993 dijudicare,
893 1905 1049 1976 rationes
1073 1911 1107 1975 et
1127 1904 1332 1975 testimonia
1351 1903 1397 1974 ab
1416 1921 1508 1974 uno·

392 2021 535 2093 qnoque
554 2001 707 2073 adducta
732 2009 838 2091 prout
865 2002 1000 2092 ingenii
1024 2002 1116 2073 viros
1137 2001 1336 2073 concedunt
1356 2018 1508 2090 perpen-

392 2101 488 2182 dere,
505 2101 555 2171 ita
574 2106 668 2171 1111
687 2099 847 2170 omnium
864 2099 1048 2171 laboribus
1064 2119 1105 2170 ac
1121 2100 1372 2170 controversiis
1389 2116 1510 2169 verum

393 2198 532 2288 quoties
553 2197 704 2278 licuerit,
722 2196 784 2267 ubi
805 2215 891 2280 non,
910 2216 991 2268 vero
1012 2216 1119 2286 qnam
1136 2198 1352 2286 proximum,
1372 2213 1512 2286 semper

393 2296 518 2368 saltem
539 2313 657 2366 secum
679 2302 860 2375 constans,
884 2294 1022 2383 aliquid
1041 2301 1279 2375 enasceretur,
1300 2294 1417 2383 prima
1436 2294 1513 2365 haec

393 2411 477 2463 cura
494 2392 571 2463 luit.
592 2393 704 2477 Quam
725 2399 866 2471 tamen,
888 2399 927 2464 11
951 2392 1085 2482 ubique
1112 2392 1298 2463 historiam
1323 2391 1511 2481 attingenti

394 2490 560 2572 occurrit,
591 2489 639 2560 ita
666 2508 729 2580 ego
756 2489 852 2580 apud
879 2490 1014 2561 huncce
1041 2489 1270 2578 potissimum
1294 2507 1410 2578 regem
1439 2506 1510 2559 non

394 2588 638 2677 quaesivissem
660 2586 868 2681 (praesertim
886 2606 996 2677 quom
1018 2586 1191 2658 Africanae
1207 2586 1431 2676 antiquitatis
1447 2586 1512 2656 im-

394 2703 519 2756 mensa
538 2703 578 2756 ac
596 2685 784 2775 praedives,
803 2685 920 2756 adhuc
938 2703 1082 2774 operam
1103 2703 1267 2774 poscens,
1291 2683 1389 2773 sylva
1407 2683 1513 2754 nobis

395 2779 523 2874 pateat)
548 2782 618 2852 nisi
638 2782 776 2874 aliquid
795 2800 851 2853 me
871 2782 966 2863 novi,
990 2789 1095 2853 tenne
1116 2783 1210 2862 licet,
1232 2782 1423 2853 allaturum
1444 2799 1510 2871 pu-

394 2881 575 2950 tavissem.
594 2880 713 2952 Altera
732 2879 837 2951 ollioii
861 2880 1017 2969 suscepti
1037 2880 1125 2968 quid
1145 2878 1214 2950 sibi
1232 2898 1315 2969 pars
1336 2879 1413 2950 haec
1431 2879 1514 2950 velit

395 2978 518 3066 pannis
538 2977 654 3047 verbis
675 2977 941 3066 exponendum.

444 3076 496 3145 Ex
520 3093 590 3164 quo
613 3075 708 3146 enim
730 3074 822 3147 docti
843 3076 1008 3146 homines
1029 3075 1072 3146 de
1093 3075 1224 3163 quibus
1246 3094 1354 3165 supra
1381 3075 1513 3146 dictum

395 3172 627 3262 scripserunt,
646 3191 758 3262 panca
773 3180 834 3244 ant
850 3174 911 3244 nul
919 3173 950 3243 la
966 3173 1110 3244 inventa
1125 3180 1238 3253 erant,
1258 3192 1370 3262 quum
1387 3169 1512 3243 novam

396 3287 510 3359 nuper
530 3270 659 3341 obtulit
678 3289 743 3342 nec
763 3272 840 3342 sine
860 3272 973 3360 pretio
994 3289 1147 3341 messem
1169 3270 1306 3359 primns
1325 3271 1514 3341 fasciculos

396 3367 636 3456 ephemeridis
658 3387 739 3457 qnae
758 3387 854 3438 nnnc
870 3369 1008 3439 Scholae
1028 3370 1284 3439 llumaniorum
1304 3369 1512 3440 Litterarum

397 3465 598 3555 Superioris
620 3466 804 3538 icositanae
824 3485 907 3536 cura
927 3465 1057 3544 editor,
1081 3464 1231 3534 Ballettn
1248 3465 1514 3558 (1111111111-

396 3561 508 3632 dacce
529 3561 722 3653 testardiae.
748 3565 824 3634 Duo
845 3563 940 3636 enim
962 3563 1055 3633 titnli
1079 3563 1316 3636 Caesarienses
1336 3569 1421 3634 1111
1440 3564 1512 3654 pri-

397 3678 494 3732 mum
515 3661 666 3750 publicae
687 3661 835 3731 rationis
854 3661 935 3731 lacti
957 3659 1084 3730 lubam
1111 3678 1227 3750 regem
1247 3660 1377 3732 diserte
1398 3661 1512 3731 nomi-

398 3765 498 3838 nant,
514 3758 604 3829 alios
619 3759 739 3848 plures
755 3758 800 3829 ad
813 3758 890 3846 ejvs
903 3757 1073 3829 familiam
1089 3758 1268 3846 pertinere
1279 3777 1340 3848 ego
1353 3759 1512 3848 cognovi.

397 3856 516 3943 Nuper
535 3863 705 3944 praeterea
723 3857 860 3944 aliquot
886 3857 922 3926 in
948 3852 1108 3923 Bnllettu
1133 3854 1393 3947 dptprcpbr'qae
1418 3855 1463 3924 dc
1481 3855 1516 3924 lo

298 3951 300 3956 '
401 3950 529 4031 Gnate,
556 3955 669 4034 1881,
696 3954 801 4033 editi,
830 3960 891 4023 aut
919 3952 1007 4022 mihi
1035 3952 1079 4022 ab
1106 3953 1230 4023 amicis
1258 3952 1352 4035 dati;
1386 3972 1515 4024 aurens

399 4048 579 4121 Ptolemaei
590 4051 691 4122 tubae
707 4051 772 4122 dlii
789 4069 959 4120 nummos
975 4049 1018 4120 de
1031 4068 1101 4138 quo
1113 4051 1187 4138 jam
1204 4069 1312 4140 snpra
1328 4052 1512 4132 invenlns;

399 4147 579 4236 mihique,
609 4147 694 4218 dnm
720 4149 917 4218 Caesaream
946 4146 1077 4217 lobani
1104 4148 1244 4237 imperii
1265 4157 1370 4238 capnt
1396 4168 1437 4219 ac
1463 4167 1515 4220 se·

401 4245 495 4325 dem,
514 4244 715 4325 visitabam,
734 4245 840 4317 variae
860 4244 1127 4318 observationes
1144 4245 1270 4318 obviae.
1290 4247 1376 4331 Quae
1395 4247 1517 4317 omnia

400 4341 507 4412 simul
527 4360 606 4413 cum
627 4343 777 4414 aliorum
798 4343 947 4434 repertis
967 4343 1059 4416 libro
1079 4361 1291 4435 componere
1313 4342 1514 4434 aggredior.
