3498 5324
695 634 737 651 ..
757 599 796 662 35
815 633 856 648 ..

249 740 296 835 (p.
333 740 412 835 ta),
447 739 510 811 sed
542 745 626 810 sunt
658 737 904 827 antiquiores,
932 754 1049 826 neque
1075 753 1125 807 eae
1150 733 1308 806 civitates

245 867 282 938 in
315 883 424 957 regno
461 863 562 936 Jubaa
597 869 810 954 ponuntur;
850 860 988 952 Tipasa
1027 877 1106 930 eum
1146 859 1309 949 Hippone
1351 925 1358 938 ,

245 1009 282 1084 p.
307 994 369 1073 dd,
394 987 475 1082 ort);
499 988 661 1061 Suthulis
685 987 734 1083 (p.
759 983 841 1078 59),
865 1005 946 1076 quae
970 985 1093 1058 eadem
1121 991 1228 1074 atque
1247 984 1311 1053 Ca·

245 1116 340 1186 lama
360 1113 531 1195 ereditur,
558 1111 733 1194 finitima,
760 1112 880 1182 forsan
905 1116 1023 1190 extra,
1049 1116 1203 1180 ceterum
1225 1114 1311 1178 sunt

246 1239 493 1329 antiquiores:
534 1235 810 1326 Gadiaupbalae‚
847 1233 1091 1306 Macomadum
1126 1231 1178 1326 (p.
1212 1229 1309 1321 66);

248 1365 368 1436 Tueoae
387 1361 433 1434 ad
457 1363 669 1453 Ampsagam
698 1360 746 1452 (p.
771 1358 852 1450 70),
875 1359 997 1430 forsan
1018 1365 1117 1431 extra
1137 1374 1311 1448 regnum:

248 1495 283 1560 et
313 1491 458 1578 Tagorae
487 1486 535 1578 (p.
567 1482 648 1576 67),
678 1502 758 1574 quae
786 1484 873 1555 ioris
901 1490 954 1556 est
983 1508 990 1554 :
1029 1483 1113 1555 dein
1140 1483 1315 1554 Salvianae

253 1610 305 1705 (p.
330 1609 387 1702 67)
415 1609 586 1699 Zaraique
616 1606 670 1702 (p.
701 1605 783 1700 69),
816 1614 1049 1698 utrarumque
1077 1605 1313 1697 antiquiores.

249 1737 339 1808 Vero
359 1734 583 1807 simillimum
600 1731 740 1804 ridetur
755 1750 815 1804 eas
836 1733 1008 1814 eivitates,
1027 1750 1178 1822 quarum
1194 1731 1315 1822 piures

249 1860 380 1932 dubani
400 1878 473 1944 non
494 1859 567 1949 jam
588 1864 689 1928 erant
709 1858 828 1948 regni,
851 1876 924 1928 non
946 1858 1040 1928 solas
1063 1857 1143 1947 iure
1162 1855 1315 1929 oudendi

249 2001 417 2055 nummos
437 1983 636 2054 libertatern
655 1999 757 2053 suam
776 1982 988 2052 asseruisse.
1011 1980 1082 2051 Sed
1102 1980 1152 2050 rei
1173 1979 1314 2050 numis-

251 2107 389 2179 matioae
410 2104 501 2177 fides
523 2113 655 2177 temere
674 2105 787 2177 nimia
808 2123 881 2176 non
904 2102 1107 2195 praestanda
1127 2111 1180 2175 est
1201 2105 1236 2174 in
1260 2105 1317 2175 bis

253 2230 487 2323 temporibus,
500 2229 720 2320 regionibus,
736 2227 901 2301 urbibus.
912 2229 1053 2300 Nullam
1064 2230 1160 2300 enim
1179 2228 1318 2300 nummi

254 2364 385 2429 tertam
411 2357 498 2427 anni
526 2361 646 2426 notam
672 2354 852 2445 praebent,
879 2361 914 2426 et
940 2360 1026 2426 aetas
1051 2356 1176 2445 utiquo
1196 2373 1319 2427 eorum

255 2482 371 2554 solum
391 2499 455 2571 per
472 2479 694 2553 diversitates
717 2481 811 2552 leves
836 2481 874 2551 in
898 2479 1010 2550 torma
1034 2479 1231 2552 litterarum
1257 2498 1322 2570 pu-

254 2607 415 2678 nioarum
440 2605 492 2677 eis
519 2605 793 2694 inscriptorum,
820 2621 899 2674 raro
928 2603 1106 2685 securius,
1133 2604 1319 2693 quaeritur.

256 2732 573 2818 Quantusoumque
592 2734 711 2800 autem
732 2745 904 2799 numerus
924 2726 1119 2799 liberarum
1140 2727 1321 2800 oiritatum

257 2863 292 2926 et
309 2855 402 2926 inter
425 2872 484 2927 aas
505 2852 681 2944 regiarum
702 2853 740 2925 iu
769 2871 875 2943 regno
896 2852 1073 2925 Numidiae
1093 2852 1180 2935 init,
1212 2852 1325 2924 tuisse

257 2980 378 3070 plures
398 2997 471 3050 non
492 2984 545 3049 est
569 2975 741 3058 dubium,
764 2995 882 3066 neque
902 2994 1024 3047 earum
1045 2975 1206 3047 eondioio
1234 2977 1325 3047 mui-

259 3110 335 3175 tum
355 3102 566 3193 abantiquo
587 3119 685 3172 more
702 3100 872 3172 distabat.
891 3103 989 3171 Tune
1005 3100 1149 3173 demum
1170 3119 1326 3172 eommu-

260 3227 327 3300 tari
347 3232 462 3317 erepta
480 3232 535 3297 est
554 3243 679 3314 quum,
701 3224 739 3295 in
759 3223 931 3296 ditionem
950 3243 1134 3295 romanam
1155 3233 1324 3316 receptae,

258 3352 339 3442 jura
358 3350 454 3421 varia
476 3367 557 3439 quae
576 3366 692 3438 usque
711 3348 757 3419 ad
781 3348 959 3420 civitatem
987 3366 1171 3420 romanam
1192 3351 1327 3440 optimo

259 3477 339 3565 jure
356 3472 529 3566 gradatim
546 3471 778 3562 adipiscenda
796 3479 897 3544 erant
913 3491 1140 3563 unaquaeque
1156 3473 1326 3546 obtinuit.

264 3600 376 3685 Quam
402 3597 548 3688 quidem
575 3596 808 3668 mutationem
834 3597 950 3680 tituli,
980 3616 1186 3688 quanquam
1215 3601 1330 3690 primo

265 3721 406 3813 imperii
422 3721 552 3794 saeouio
568 3720 687 3813 pauci,
706 3727 825 3792 tameu
842 3721 929 3793 satis
943 3720 1036 3793 bene
1052 3720 1224 3804 indicant,
1243 3742 1332 3812 prra-

266 3848 388 3919 sertim
410 3848 448 3917 in
468 3845 585 3916 Airita
605 3852 722 3917 vetare
749 3871 756 3915 :
785 3845 848 3918 sed
875 3845 998 3918 eadem
1023 3846 1137 3917 iuerat
1163 3847 1199 3915 in
1224 3864 1332 3938 regno

266 3968 457 4053 Numidiae,
481 3989 564 4042 mox
587 3971 779 4060 provintiae
797 3969 947 4062 adjecto.

302 4278 450 4330 decentiora
464 4281 597 4329 nomino:
613 4275 773 4340 disan-Sitai,
788 4277 1000 4340 birotum-Tama,
1018 4279 1087 4330 baud
1100 4281 1202 4344 iongoa
1217 4279 1339 4332 Sidi-An-

272 4369 351 4428 kaut,
367 4367 500 4429 Belesma,
517 4366 601 4416 Zraia.

434 4477 463 4520 Β.
