3490 5318
859 622 1038 686 -lll-

418 760 505 835 toris
534 768 653 853 partes
681 759 796 852 egisse
818 759 958 833 videtur
982 757 1144 833 inlibris
1171 758 1215 832 de
1246 759 1404 844 Oriente,
1437 759 1483 835 de

417 884 565 976 Arabia,
596 883 641 956 tie
667 883 837 976 Assyriis.
865 884 987 974 Neque
1015 883 1124 954 nimis
1143 882 1188 955 ab
1209 901 1247 954 re
1275 889 1398 955 nostra
1429 883 1482 956 ui-

416 1010 515 1102 gredi
546 1009 636 1080 mihi
669 1009 792 1081 videor
823 1007 1055 1080 memorande
1088 1026 1196 1098 quam
1232 1007 1413 1098 sapienter
1447 1015 1482 1080 et

417 1134 644 1226 providenter
663 1133 844 1224 Augustus
865 1133 980 1204 tilium
1003 1150 1108 1204 suum
1131 1133 1169 1204 in
1189 1131 1370 1204 Orientem
1391 1131 1479 1204 mis·

417 1276 498 1331 sum
523 1257 667 1329 auxiliis
695 1256 917 1329 instruxerit.
940 1247 1020 1328 Tria
1040 1257 1135 1330 euim
1161 1262 1223 1328 aut
1246 1263 1400 1347 quatuor
1417 1275 1482 1331 nc·

417 1385 533 1455 rimus
551 1380 632 1473 (sed
654 1380 804 1454 forsitan
827 1381 931 1474 plura
950 1377 1106 1474 luerunt)
1130 1398 1238 1473 opera
1256 1380 1302 1453 ad
1321 1378 1479 1472 idipsum

417 1507 561 1599 scripta.
584 1505 788 1578 Armeniam
812 1505 908 1578 enim
933 1512 967 1578 et
993 1505 1149 1578 Orientis
1173 1524 1298 1597 regna,
1320 1524 1342 1577 a
1361 1523 1400 1577 se
1418 1523 1480 1576 an-

416 1639 560 1724 tequam
586 1631 721 1704 bellum
749 1629 850 1703 lieret
873 1637 1034 1704 accurate
1059 1632 1259 1723 explorata,
1286 1630 1480 1723 Dionysius

417 1757 643 1829 Characenus
663 1756 702 1826 in
729 1754 914 1847 deperdito
941 1752 1005 1828 sed
1031 1754 1129 1847 apud
1152 1753 1308 1826 Plinium
1335 1751 1479 1827 laudato

417 1884 467 1954 lle
483 1882 556 1954 situ
574 1879 680 1953 Orbis
696 1897 802 1971 opere
817 1879 1019 1971 descripsit.
1038 1878 1232 1952 Archelais
1247 1878 1479 1971 Cappadociae

417 2024 477 2078 rex
488 2004 693 2096 beP0pulis
707 2004 966 2096 etltegionibus
980 2003 1112 2094 quibus
1123 2002 1479 2094 Alexanderllagnus

417 2131 652 2222 imperaverat
675 2146 766 2219 opus
790 2127 876 2200 Gaio
900 2127 1076 2201 dedicavit
1102 2128 1139 2199 in
1167 2125 1348 2200 Orientem
1372 2127 1481 2218 proii-

417 2253 563 2330 ciscenti
583 2258 622 2324 ut
642 2252 745 2324 alteri
772 2251 988 2324 Alexandro.
1016 2251 1130 2340 lube,
1157 2249 1397 2325 tumbellam
1418 2249 1480 2324 iic·

416 2378 478 2450 bat
509 2375 694 2448 Arabicam
728 2375 992 2468 expeditionem
1022 2395 1174 2468 parans,
1203 2379 1254 2448 Oe
1283 2375 1415 2449 Arabia
1445 2384 1480 2449 et

417 2501 574 2576 Marinus
608 2499 874 2590 hittoribusque
901 2519 1016 2591 usque
1048 2500 1094 2573 ad
1126 2500 1264 2573 Indiam
1298 2500 1481 2574 volumina

417 2626 593 2709 exarcum
625 2631 661 2698 et
688 2623 790 2696 iacile
818 2624 1035 2698 credendum
1066 2623 1206 2698 ridetur
1230 2643 1309 2697 eam
1336 2643 1480 2716 queque

416 2743 637 2824 occasionem
656 2745 855 2844 Ἀσσυριακῶν
873 2749 998 2822 luisse.
1015 2749 1161 2842 Egregie
1175 2749 1283 2840 igitur
1298 2750 1479 2842 Augustus

416 2874 507 2948 duos
526 2874 623 2966 apud
642 2875 769 2947 Gaium
789 2893 888 2966 reges
907 2874 1095 2967 ponendos
1112 2872 1353 2966 judicaverat,
1375 2881 1479 2947 aetate

390 2997 607 3091 prudentia
643 2997 803 3071 doctrina
838 3004 1067 3091 praestantes,
1105 3003 1140 3071 et
1175 2997 1324 3090 insuper
1356 2996 1478 3070 demut

417 3125 596 3198 Caesarum
624 3120 780 3214 quedam
804 3123 910 3196 mode
936 3124 1158 3197 necessarios
1180 3148 1189 3195 :
1210 3142 1358 3196 uxerem
1382 3123 1478 3196 enim

416 3246 591 3321 habuerat
607 3250 624 3319 J
630 3248 699 3320 uba
719 3247 864 3321 Anicuii
885 3246 1011 3333 filiam,
1033 3267 1180 3321 uxerem
1204 3248 1398 3321 Archelaiis
1416 3249 1479 3320 ba-

416 3374 495 3446 buit
513 3370 673 3465 ejusdem
688 3372 836 3445 Antonii
856 3380 1019 3466 neptem,
1042 3373 1210 3466 inclytam
1226 3373 1324 3445 illam
1344 3374 1476 3466 Pytho·

416 3495 577 3571 ucrtuern
612 3496 717 3589 Regis
751 3497 954 3570 Polemonis
989 3497 1145 3572 viduam.
1185 3497 1324 3570 Eximia
1359 3505 1478 3570 autem

417 3621 645 3713 Glaphyran
668 3621 823 3713 losephe
849 3630 1042 3696 memorata
1065 3622 1179 3694 terma
1201 3622 1333 3695 arctius
1352 3621 1478 3694 ambus

416 3743 556 3837 ligavit,
579 3763 691 3837 quum
714 3763 822 3837 gener
849 3747 1010 3820 Archelai
1033 3747 1125 3820 iuba
1143 3745 1181 3818 in
1204 3745 1341 3837 aliquot
1363 3763 1479 3818 annes

417 3865 529 3941 iactus
549 3876 614 3942 est.

466 3995 560 4066 Satis
580 4002 697 4068 autern
716 3997 790 4086 jam
812 3995 945 4069 dictum
966 3997 1105 4069 videtur
1127 3997 1171 4070 de
1195 3995 1286 4089 regis
1306 3993 1486 4070 Maurusii

416 4115 538 4201 libris,
563 4135 716 4210 querum
745 4122 867 4212 plures
896 4129 935 4194 ut
967 4119 1117 4214 Augusti
1146 4123 1316 4214 praeclara
1338 4121 1480 4213 incepta

412 4243 551 4335 juraret
577 4239 793 4338 excogitatos
823 4246 1025 4330 cernimus,
1061 4247 1200 4319 nulium
1233 4264 1320 4318 sane
1346 4244 1479 4336 populo

417 4385 481 4439 sua
507 4386 572 4440 nec
590 4364 635 4442 ati
655 4372 795 4444 blauros
819 4370 1024 4445 educandos
1051 4370 1207 4463 scripsit.
1233 4372 1355 4460 Neque
1382 4369 1478 4442 enirn
