3498 5324
680 621 840 683 ...67-

229 767 307 840 lieri
334 765 474 855 incipit.
504 763 605 836 Adde
638 761 734 853 quod
768 761 901 851 saepius
925 778 1039 831 ¹vacua
1070 760 1168 830 intus
1196 765 1297 830 erant

229 881 377 962 romana
405 891 592 980 sepulcra,
615 895 650 960 et
679 888 801 978 plures
823 886 919 956 locos
944 884 1049 956 cellas
1070 901 1295 955 concamera-

229 1016 346 1088 tiones
362 1014 546 1087 conclaves
563 1032 635 1085 una
650 1031 730 1085 cum
746 1011 877 1102 cryptis
895 1007 1175 1097 conditoriisque
1190 1006 1298 1078 habe-

229 1139 329 1212 hant.
355 1138 426 1210 Sed
445 1138 624 1210 Numidiae
647 1137 870 1207 mausoleum
890 1135 1002 1204 moles
1022 1140 1097 1204 arte
1116 1133 1206 1203 lacta
1224 1139 1299 1204 erat

231 1271 265 1336 et
285 1263 461 1336 severiore
482 1270 611 1334 ornatu
631 1261 777 1345 decora,
799 1260 837 1330 in
866 1278 937 1350 qua
956 1259 1048 1335 nilril
1072 1257 1171 1329 aliud
1198 1257 1298 1328 vacui

232 1408 340 1480 quam
360 1389 440 1479 ipsa
465 1389 649 1478 sepultura
676 1392 770 1468 erat,
792 1390 953 1456 accurate
976 1382 1198 1455 abscondita.
1227 1386 1301 1454 Hoc

231 1512 322 1584 luha
342 1519 376 1585 et
396 1532 462 1584 suc
482 1511 589 1602 elegit
607 1512 839 1602 archetypum
860 1515 1114 1590 monumento,
1136 1507 1300 1598 quamvis

233 1637 358 1710 eodem
374 1645 535 1728 tempore
552 1638 625 1727 jam
643 1636 755 1708 moles
774 1635 923 1726 Augusti
940 1636 1059 1707 Romae
1075 1633 1298 1705 conderetur.

283 1761 353 1834 Sed
369 1764 385 1832 J
390 1762 474 1844 uba,
493 1779 701 1852 quanquam
717 1767 859 1833 secutus
874 1759 959 1830 aviti
975 1757 1198 1830 monumenti
1214 1757 1302 1848 ligu-

235 1906 329 1967 ram,
354 1871 594 1959 nonnulla'et
620 1887 779 1977 graviora
813 1885 973 1956 mutavit.
1005 1884 1160 1955 Primum
1191 1883 1303 1954 multo

130 2023 135 2026 ·
236 2011 406 2101 maiorem
435 2013 565 2082 molem
586 2011 656 2082 sibi
678 2009 855 2082 aedilicare
874 2011 1015 2093 colena,
1038 2009 1251 2080 diametrum
1272 2007 1305 2079 ei

237 2135 318 2226 ped.
342 2155 427 2218 ccx,
451 2135 679 2207 altitudinem
708 2154 772 2217 ox,
800 2133 957 2206 dederat.
985 2135 1157 2206 Similiter
1185 2139 1304 2204 autem

237 2259 316 2364 ipsa
335 2261 447 2332 moles
472 2260 714 2342 caementicio,
744 2260 950 2330 orthostatae
971 2259 1090 2348 lapide
1114 2258 1306 2370 quadrato,

238 2391 352 2468 erent,
375 2385 554 2475 plumbeis
574 2383 676 2454 oncis
698 2403 783 2454 saxa
798 2383 1013 2474 legentibus,
1032 2382 1203 2454 Similiter
1220 2401 1305 2472 quo·

239 2527 309 2599 que
329 2511 491 2598 superior
510 2528 593 2599 pars
613 2509 651 2578 in
671 2527 800 2579 conum
820 2515 1023 2579 truncatum
1040 2509 1219 2598 surgebat,
1243 2508 1306 2579 sed

240 2633 352 2702 multo
369 2632 537 2703 acutioris
553 2631 703 2713 moduli,
720 2638 760 2704 ut
775 2651 796 2702 a
811 2632 924 2702 forma
940 2640 1115 2722 congestae
1130 2633 1167 2702 in
1183 2625 1305 2703 cumu-

240 2756 314 2826 lum
330 2762 434 2828 terrae
450 2757 562 2827 multo
581 2756 693 2846 magis
704 2757 924 2839 ahhorreret,
938 2764 972 2828 et
986 2756 1116 2847 gradus
1134 2757 1307 2842 ejusdem·

241 2878 338 2949 modi
370 2887 576 2951 cernuntur.
604 2879 673 2950 Sed
703 2879 850 2952 interior
877 2880 1070 2972 cylindrioa
1097 2899 1202 2970 pars,
1226 2900 1307 2971 quae

242 3004 424 3094 quadratae
445 3005 618 3095 crepidini
644 3006 861 3095 imponitur,
884 3006 988 3096 longe
1015 3006 1219 3077 exornatior
1238 3013 1304 3077 est.

243 3126 309 3196 Pro
330 3126 459 3198 doricis
474 3129 601 3200 ionicae
620 3129 809 3210 columnae,
827 3129 1032 3220 epistylium
1052 3130 1174 3210 altius,
1192 3148 1308 3220 cyma·

243 3250 332 3322 tium
349 3252 440 3323 sima
456 3271 610 3335 reversa,
631 3254 730 3324 basis
746 3254 864 3337 attica,
876 3260 911 3324 et
925 3272 989 3344 pro
1008 3253 1183 3344 stylobate
1202 3273 1310 3345 supra

245 3376 463 3466 crepidinem
492 3395 582 3467 opus
614 3378 702 3449 alias
730 3378 875 3449 rarioris
903 3379 1077 3469 exempli,
1106 3380 1198 3451 sima
1217 3388 1311 3453 recta

246 3498 378 3590 duplex
398 3502 492 3574 inter
512 3503 658 3574 scotiam
681 3511 714 3575 et
733 3503 913 3593 plinthum
934 3522 1057 3574 unam.
1079 3505 1202 3594 Neque
1221 3505 1312 3578 illud

247 3623 363 3694 solum
383 3644 503 3696 rarum
524 3634 585 3698 aot
605 3627 786 3716 singulare
806 3633 870 3698 est.
896 3629 1030 3718 Nempe
1054 3629 1159 3700 etiam
1185 3630 1222 3699 in
1250 3648 1309 3700 co·

246 3748 399 3830 lumnis,
418 3751 550 3839 quihus
574 3752 703 3822 volutae
723 3750 838 3824 atticae
858 3752 921 3822 sed
941 3752 1051 3824 eriles
1073 3760 1106 3824 et
1132 3752 1312 3825 breviores

248 3879 352 3955 sunt,
376 3876 489 3946 molta
509 3894 554 3947 ne
574 3894 721 3946 romana
742 3875 886 3966 quidem
914 3877 1016 3948 facile
1038 3875 1313 3968 deprehendun-

248 4004 318 4070 tur.
337 4001 519 4091 Praecipue
538 4001 637 4092 paria
654 4019 775 4072 earum
795 4020 877 4092 quae
892 4009 1044 4092 quatuor
1060 4001 1313 4093 pseudothyris

249 4121 393 4194 adstant
417 4124 572 4215 capitula
590 4125 725 4196 habent
749 4126 901 4197 aliorum
925 4125 1138 4210 dissimilia,
1161 4144 1314 4215 quorum

250 4245 364 4318 lorma
382 4255 416 4320 et
431 4255 578 4320 ornatus
599 4267 671 4319 non
691 4256 764 4321 tam
779 4268 928 4321 romana
943 4257 1028 4322 sunt
1044 4256 1085 4321 ut
1104 4249 1315 4322 Phoenicum

251 4389 396 4484 quoque
425 4375 696 4449 architecturam
729 4376 767 4446 in
801 4376 1009 4448 memoriam
1034 4394 1107 4448 non
1137 4381 1316 4460 revocent.
