3490 5318
717 523 880 610 ’.93-

262 687 473 781 porioulum‚
494 685 651 776 denique
667 684 752 775 quia
770 680 855 755 filiae
870 681 995 754 eodem
1015 679 1160 754 luerunt
1175 685 1324 752 ornato.

262 812 428 886 Antoniae
443 811 539 884 enim
553 809 730 882 delnnotae
750 807 825 878 tilia
840 805 1053 898 Pythodoris
1070 805 1192 898 regina
1206 807 1327 897 appel-

264 939 333 1010 lata
347 942 402 1010 est
421 940 456 1008 et
475 933 659 1007 Polemoni
678 931 930 1023 potentissimo
947 931 1020 1022 regi
1035 949 1125 1002 uror
1144 929 1243 1013 data,
1264 929 1328 1023 qui

264 1060 368 1134 Ponti
400 1058 532 1132 Ciliciae
554 1035 731 1130 Armeniae
750 1056 900 1129 minoris
919 1063 953 1128 et
972 1054 1120 1146 Bospori
1140 1073 1248 1148 regna
1266 1055 1329 1128 lta·

263 1183 364 1267 buit,
386 1201 505 1274 neque
528 1188 667 1255 tantum
692 1199 780 1253 uror
803 1180 896 1271 regis
918 1179 982 1254 sed
1001 1179 1123 1272 regina
1141 1181 1220 1272 ipsa
1239 1187 1327 1263 erat,

264 1309 314 1382 ita
331 1315 371 1381 ut
390 1327 469 1382 oum
489 1325 531 1380 eo
551 1313 585 1380 et
605 1306 714 1380 simul
733 1311 767 1379 et
787 1305 905 1396 priore
926 1305 1024 1388 loeo,
1047 1312 1081 1380 et
1104 1323 1144 1377 eo
1163 1275 1330 1380 dotunoto

265 1451 338 1505 una
357 1451 438 1506 oum
457 1431 553 1514 filio,
576 1449 660 1502 mor
679 1435 760 1522 post
779 1428 898 1520 ipsum
918 1447 998 1502 oum
1018 1435 1168 1520 nepote,
1190 1448 1332 1522 semper

264 1557 384 1651 priore
407 1556 485 1629 looo
514 1560 696 1647 regnaret,
726 1560 760 1626 et
783 1572 827 1626 es
851 1571 893 1626 ea
918 1552 1031 1645 magis
1055 1572 1163 1644 quam
1190 1573 1234 1627 er
1257 1554 1331 1628 illis

266 1689 492 1776 posterorum
513 1681 739 1755 nobilitatem
754 1678 950 1752 defluxisse
968 1679 1198 1752 manifestent
1216 1679 1329 1765 tituli,

267 1806 354 1880 dum
386 1808 433 1881 ll.
465 1808 512 1881 ll.
543 1806 781 1879 Antoniorum
808 1804 1041 1878 Polemonem
1073 1805 1180 1878 etiarn
1213 1807 1332 1897 regnis

255 1911 414 2004 ¹amissis
432 1929 613 2004 ditissima
631 1935 665 2003 et
684 1928 964 2002 honoratissime
978 1927 1106 2002 domus
1120 1947 1184 2021 per
1203 1933 1333 2004 saeeula

269 2055 374 2128 durat
406 2050 475 2148 (l).¹
503 2055 614 2146 Cuius
640 2052 686 2124 ad
716 2053 919 2144 exemplum
944 2052 1048 2127 oredo
1075 2053 1120 2126 de
1148 2054 1334 2148 Cleopatra

269 2178 399 2253 tautum
428 2179 559 2262 luisse,
590 2178 657 2252 etsi
683 2177 887 2250 adulterina
913 2183 947 2250 et
980 2195 1023 2251 er
1055 2179 1158 2253 hoste
1190 2181 1335 2273 publiea

270 2309 374 2387 nata,
397 2322 507 2394 quum
527 2302 629 2374 tuna
648 2317 726 2374 eam
746 2299 938 2393 despondit
956 2300 1151 2393 Augustus.

318 2427 407 2500 Nata
432 2432 507 2500 erat
530 2427 736 2516 Cleopatra,
758 2430 798 2496 ut
817 2404 1058 2516 eomproharit
1076 2428 1333 2516 Mommsenus,

272 2570 358 2626 ann.
379 2571 412 2624 a.
435 2551 474 2624 C.
493 2555 552 2634 54,
571 2569 690 2641 neque
703 2550 805 2622 lubae
824 2549 1001 2641 despondi
1016 2553 1133 2643 potuit
1147 2563 1228 2646 post
1246 2575 1333 2629 ann.

272 2695 306 2749 a.
337 2675 376 2747 G.
409 2677 470 2757 te,
500 2692 612 2766 quum
636 2680 778 2748 exstant
801 2674 911 2766 hujus
937 2675 1063 2766 utique
1088 2681 1174 2752 anni
1198 2683 1336 2755 nummi

273 2800 372 2892 regni
393 2799 622 2872 Mauretaniae
642 2801 720 2890 ejus
740 2798 854 2891 elligie
874 2799 1052 2891 insignes,
1083 2805 1199 2895 potuit
1218 2815 1336 2881 autern

274 2926 385 2997 multo
405 2925 525 3015 prius,
548 2943 667 3015 neque
685 2925 803 2996 obstat
823 2925 922 3015 quod
939 2927 1079 2997 nummi
1099 2928 1231 3016 deslrlt,
1250 2949 1335 3004 oon-

274 3049 510 3122 olamantibus
526 3050 663 3125 eunetis
681 3049 889 3120 auctoribus
903 3051 920 3120 J
924 3049 1031 3120 ubam
1048 3071 1093 3144 ea
1108 3060 1143 3124 et
1162 3073 1270 3146 regno
1291 3058 1338 3129 si·

276 3173 352 3244 mul
370 3173 541 3246 donatum
560 3173 671 3250 luisse
686 3169 751 3266 (i).
775 3172 870 3244 Ann.
889 3191 923 3244 a.
941 3175 980 3245 C.
1005 3178 1065 3258 ll),
1092 3177 1277 3270 Cleopatra
1289 3157 1340 3255 riu

277 3317 413 3378 annum
440 3297 583 3388 agebat,
610 3316 692 3389 quae
718 3297 749 3368 si
772 3297 864 3368 tulta
882 3298 1058 3372 Numidiae
1081 3320 1229 3393 regnum
1249 3325 1336 3378 ann.

149 3480 151 3484 ,
276 3423 422 3496 teredo
452 3422 586 3513 aooeptt
617 3428 703 3498 tuno
734 3424 817 3514 plus
848 3441 883 3496 ιι
910 3430 972 3494 aut
1000 3444 1226 3500 vannorum
1261 3449 1340 3506 esse

278 3565 351 3618 non
375 3552 552 3637 potuerat.
582 3545 784 3617 Putandum
810 3563 893 3636 ergo
918 3545 1056 3621 ridetur
1084 3568 1162 3622 eam
1182 3559 1268 3628 tune
1286 3554 1340 3626 illi

278 3673 370 3746 oiroa
387 3691 462 3744 ιιιιιι
478 3688 593 3742 annos
610 3677 693 3744 nato
709 3670 939 3760 desponsam,
960 3679 1170 3765 posteaqua
1187 3678 1342 3750 celebra·

279 3803 395 3868 tarum
416 3803 819 3885 consummatoremque
833 3813 947 3885 quum
964 3815 1027 3888 per
1044 3805 1183 3870 aetatem
1203 3800 1352 3876 licuerit

279 3920 486 4014 nuptiarum
520 3939 688 3998 nummos
716 3919 889 3996 inditium
922 3921 1027 4010 dare,
1064 3925 1166 4018 quod
1196 3927 1352 4018 quidem

311 4227 345 4296 (l)
362 4225 494 4295 Momms,
511 4225 577 4299 Epir.
594 4235 684 4298 epira,
701 4231 771 4299 teta,
788 4254 814 4303 p.
827 4229 940 4291 atlete.

311 4321 346 4385 (a)
362 4323 437 4385 rota,
457 4338 483 4387 ρ.
499 4323 717 4390 aro-arnum„
732 4326 782 4386 ιιι,
796 4343 822 4391 ρ.
840 4326 883 4380 ιιι
898 4335 924 4380 a
941 4319 1050 4380 rao-rat
