3498 5324
900 639 938 654 ,ἡ
960 605 998 670 gg
1021 640 1059 653 „

444 746 542 818 nitus
563 754 723 817 ornatus.
738 741 896 833 ‘Exstant
919 746 1015 818 enim
1036 747 1074 817 in
1100 746 1223 817 eadem
1249 745 1430 836 necropoli
1449 744 1511 816 alii

408 903 412 908 ·
443 873 523 943 sine
542 872 750 944 orthostatis
770 869 921 955 tumuli,
945 871 1091 961 quidam
1111 871 1218 943 etiam
1244 871 1322 943 sine
1341 870 1455 952 calce,
1477 876 1512 942 et

443 997 626 1068 caementis
637 1003 775 1068 tantum
788 1015 828 1067 ac
840 997 973 1068 lartura
989 997 1084 1078 lacti,
1098 996 1231 1086 quibus
1245 996 1371 1066 insunt
1380 1000 1510 1085 cryptae

440 1129 604 1205 muratae,
624 1140 775 1212 quarum
795 1141 868 1193 una
890 1122 929 1192 in
944 1121 1115 1192 circulum
1131 1139 1194 1211 per
1213 1121 1384 1192 interiora
1403 1107 1508 1189 molis'

441 1247 605 1318 volvitur.
629 1246 730 1318 Unde
750 1252 897 1336 apparet
916 1247 997 1317 illos
1026 1245 1118 1315 nihil
1146 1244 1217 1315 nisi
1243 1245 1311 1315 hoc
1334 1242 1506 1313 1111111111.-

442 1369 646 1462 pulclorum
670 1370 964 1461 antiquissimum
993 1389 1105 1460 genus
1126 1387 1212 1439 esse
1234 1366 1332 1458 quod
1357 1367 1395 1436 in
1422 1361 1506 1436 Mo-

442 1495 573 1566 drosela
587 1496 843 1587 amplificatum
855 1496 1017 1568 videmus
1028 1495 1074 1566 ad
1088 1513 1265 1566 summam
1279 1491 1507 1586 magnificen-

442 1622 543 1693 tiam.
579 1620 778 1692 llrtilicium
812 1628 930 1692 autem
963 1620 1001 1690 in
1030 1619 1091 1690 illo
1117 1637 1289 1710 graecam,
1320 1617 1441 1689 forsan
1474 1623 1509 1689 et

442 1745 627 1836 punicam,
650 1765 797 1817 manum
817 1745 995 1836 proderet.
1019 1746 1110 1816 Sunt
1130 1744 1225 1816 enim
1250 1744 1425 1814 columnae
1445 1742 1506 1813 do·

443 1871 542 1954 rica,
565 1871 629 1943 sed
654 1870 898 1961 antiquissimi
922 1871 1083 1961 generis;
1106 1869 1311 1960 epistylium
1332 1874 1366 1938 et
1387 1884 1504 1958 cyma·

442 1994 547 2078 tium,
563 1997 631 2067 hoc
646 1996 791 2086 quidem
807 1995 1129 2086 simplicissimum,
1147 1995 1248 2084 cujus
1264 1999 1382 2064 autem
1403 2009 1507 2062 curva

442 2137 515 2190 non
535 2138 657 2210 graecae
676 2119 740 2191 sed
758 2119 959 2210 aegyptiacae
984 2119 1169 2190 simillima
1188 2126 1254 2191 est.
1278 2121 1428 2190 Exstant
1447 2116 1504 2187 iu·

443 2262 550 2333 super
578 2244 715 2333 sculpta
740 2245 779 2314 in
808 2262 910 2314 muro
942 2244 1036 2315 inter
1059 2245 1243 2315 columnas
1272 2244 1383 2315 molta
1410 2241 1507 2312 varia

440 2369 611 2438 animalia
625 2368 727 2439 rudis
742 2374 776 2439 et
791 2369 1004 2458 inelegantis
1019 2368 1166 2451 laboris,
1185 2386 1266 2458 quae
1280 2367 1504 2440 vernaculam

440 2511 586 2563 manum
602 2493 724 2583 procul
740 2491 849 2562 dubio
865 2492 1039 2564 indicant.
1056 2494 1108 2563 lta
1122 2498 1162 2563 ut
1177 2492 1400 2563 mausoleum
1415 2490 1507 2564 illud

441 2637 515 2690 uon
535 2619 682 2689 omnino
702 2617 748 2688 ad
766 2617 972 2708 peregrinos
992 2619 1220 2708 archetypos,
1242 2616 1431 2688 sedetiam
1452 2635 1506 2689 se-

440 2742 599 2814 cundum
623 2760 739 2813 mores
760 2741 917 2813 indolem
939 2761 1027 2813 usus
1048 2748 1101 2824 et,
1132 2741 1163 2813 si
1187 2748 1325 2813 tantum
1350 2741 1508 2815 tribuere

359 2889 361 2895 ·
441 2866 604 2939 Numidis
619 2866 810 2940 Masinissa
824 2872 994 2957 regnante
1008 2866 1102 2948 licet,
1120 2872 1231 2937 artem
1251 2865 1366 2955 ipsius
1382 2865 1506 2956 populi

413 3039 415 3044 ,
440 2999 597 3064 creatum
617 3010 696 3064 esse
715 2990 890 3063 videatur.
913 2992 1006 3062 Sane
1026 2989 1234 3080 hujusmodi
1248 2991 1415 3080 sepulcra
1434 2993 1504 3062 Ro-

441 3118 558 3190 manis
574 3136 718 3207 quoque
732 3116 771 3186 in
786 3117 855 3187 usu
874 3115 1031 3198 luerunt,
1049 3134 1114 3187 nec
1129 3115 1276 3187 deerant
1289 3115 1335 3186 ad
1352 3135 1505 3206 quorum

441 3243 623 3332 exemplar
654 3241 801 3332 llicipsa
832 3247 893 3312 aut
924 3248 1023 3332 pater
1055 3240 1327 3312 architectorum
1361 3259 1504 3332 operam

442 3365 629 3448 ducerent,
650 3385 856 3456 quanquam
883 3384 1001 3456 neque
1024 3365 1174 3438 Caeciliae
1197 3367 1365 3448 Metellae,
1388 3384 1505 3456 neque

442 3489 582 3573 Planci,
601 3509 718 3579 neque
737 3489 906 3579 Augusti,
929 3508 1046 3580 neque
1066 3489 1237 3560 Hadriani
1256 3491 1369 3562 moles
1389 3489 1506 3562 adhuc

361 3681 362 3688 ,
442 3622 575 3697 essent,
598 3615 731 3705 quaein
747 3633 787 3686 eo
803 3633 930 3704 genere
945 3615 1101 3705 primum
1116 3616 1265 3705 posthac
1279 3615 1395 3685 locum
1414 3615 1504 3686 obti-

442 3747 612 3812 nuerunt.
636 3740 706 3811 Sed
726 3758 833 3830 opera
854 3742 1094 3811 Romanorum
1117 3741 1229 3811 multo
1250 3740 1332 3830 plus
1353 3759 1373 3809 a
1392 3741 1504 3810 forma

441 3863 570 3934 tumuli
590 3863 735 3946 absunt,
758 3882 839 3953 quae
859 3882 979 3935 revera
997 3869 1113 3934 turres
1132 3863 1275 3935 luerunt
1291 3861 1424 3953 quihus
1443 3867 1504 3935 aut

441 3986 563 4058 conica
582 3988 694 4059 moles
713 3995 774 4058 aut
794 4006 919 4078 cepum
941 3986 979 4058 in
1000 3987 1148 4059 formam
1169 3989 1270 4059 collis
1296 3988 1503 4080 imponeba-

439 4119 511 4195 tur,
533 4114 571 4183 in
591 4120 729 4184 tantum
750 4112 951 4185 altitudinis
966 4120 1121 4186 creverat
1145 4114 1326 4206 cylindros
1346 4115 1406 4188 ille
1426 4135 1502 4188 me·

441 4238 591 4322 diocris,
621 4240 683 4329 qui
715 4239 897 4311 faciendus
930 4240 1134 4312 stabilitatis
1169 4247 1359 4314 causaest
1392 4261 1502 4332 quum

441 4363 631 4434 ¹aedilicium
663 4384 726 4454 pro
759 4372 860 4436 terrae
887 4384 1127 4456 saxorumque
1155 4368 1317 4458 congerie
1346 4368 1516 4480 tumulusv
