3490 5318
724 571 904 634 -115-

276 715 346 786 lere
372 711 495 784 omnia
521 710 648 783 hahuit
675 729 756 800 quae
783 711 820 780 in
846 707 1011 779 Historia
1034 707 1196 780 naturali
1215 710 1342 781 tubam

277 857 392 930 regem
413 844 447 908 et
474 854 622 908 romana
642 854 741 906 arma
761 841 921 906 seoutum
943 853 981 906 se
1004 853 1181 926 exponere
1200 835 1341 905 latetur.

277 961 377 1034 Unde
406 960 446 1032 lit
473 967 512 1032 ut
539 959 675 1030 nullius
701 958 833 1029 luhani
866 959 983 1048 operis
1013 959 1116 1050 plura
1147 965 1181 1030 et
1210 960 1346 1048 majora

276 1085 472 1176 fragmenta
489 1083 688 1173 supersint,
715 1082 815 1154 inter.
833 1101 914 1172 quae
933 1084 1046 1154 multa
1065 1103 1085 1154 a
1103 1083 1194 1153 Juha
1214 1101 1256 1154 ex
1277 1103 1341 1154 an-

278 1210 493 1300 tiquioribus
513 1207 781 1299 deperditisque
801 1209 1006 1280 auctoribus
1026 1216 1228 1298 assumpta,
1254 1210 1345 1280 One-

278 1334 396 1406 sicrito
415 1334 646 1424 Nearohoque
666 1334 878 1424 praesertim,
898 1333 1078 1424 usquead
1098 1352 1164 1404 nos
1182 1351 1346 1423 pervene-

278 1466 373 1531 runt.
405 1459 503 1549 Opus
540 1465 657 1530 autem
699 1459 820 1528 omnia
861 1458 905 1530 de
942 1458 1146 1548 regionibus
1185 1458 1345 1530 Arabicis

278 1581 485 1653 exhibuisse
505 1564 659 1663 videtur,
679 1588 713 1653 et
734 1581 983 1672 geographiam
1004 1588 1038 1654 et
1054 1583 1251 1654 naturalem
1273 1583 1346 1654 his·

279 1707 404 1778 tunam
425 1712 459 1777 et
480 1705 658 1796 quidquid
679 1704 722 1777 de
747 1706 890 1796 populis
918 1712 952 1777 et
978 1705 1120 1778 oasihus
1140 1725 1262 1778 eorum
1291 1709 1346 1777 in-

278 1837 455 1902 notuerat.
478 1831 605 1901 Multas
626 1848 707 1901 xero
728 1837 840 1901 terras
862 1829 1159 1920 amplectebatur,
1182 1839 1216 1903 et
1239 1851 1281 1903 ex
1303 1850 1345 1903 eo

183 2023 187 2032 ,
280 1955 385 2026 etiam
410 1955 454 2025 de
481 1953 583 2025 india
607 1955 668 2025 alii
689 1955 864 2026 nonnulla
883 1955 1106 2038 hauserunt;
1140 1956 1198 2026 vix
1223 1956 1346 2029 eredas

281 2081 386 2170 igitur
401 2080 494 2152 intra
511 2081 619 2151 unius
637 2080 720 2152 lihri
741 2081 817 2152 haee
831 2080 952 2152 omnia
967 2082 1109 2152 stetisse
1125 2081 1294 2171 spatium,
1313 2089 1347 2154 et

281 2205 419 2277 Plinius
442 2205 533 2295 regis
550 2206 566 2274 J
572 2204 651 2276 ultae
667 2205 711 2276 de
725 2205 856 2276 Arabia
870 2204 1051 2276 volumina
1067 2212 1165 2277 voeat
1187 2203 1251 2298 (l).
1269 2208 1346 2278 lam

271 2347 361 2402 uero
388 2329 481 2401 inter
505 2335 666 2400 auctores
700 2347 851 2418 quorum
886 2329 922 2399 in
957 2347 997 2401 eo
1025 2331 1175 2419 scriptor
1203 2331 1348 2423 vestigia

280 2456 420 2545 premit,
444 2452 697 2526 memorandus
717 2454 756 2525 in
775 2453 914 2544 primus
934 2453 1039 2524 nohis
1060 2460 1113 2524 est
1133 2473 1194 2525 rex
1213 2455 1346 2527 Arthe-

281 2579 359 2652 lads
375 2575 590 2670 ¹Cappadox,
615 2579 692 2668 ipse
719 2597 862 2668 quoque
882 2578 920 2648 C.
949 2578 1099 2650 Caesaris
1126 2577 1164 2648 in
1184 2579 1349 2651 orientali

282 2702 508 2795 expeditione
539 2720 678 2784 oomeS,
711 2709 765 2783 et,
796 2702 892 2791 quod
922 2701 1026 2772 nohis
1062 2702 1182 2802 omnia
1215 2705 1367 2785 anteit,

283 2827 470 2918 Glaphyrae
485 2834 597 2917 pater.
617 2827 813 2917 scripserat
827 2828 858 2898 is
873 2827 917 2899 de
934 2827 1151 2917 Regiouihus
1168 2828 1349 2917 quondam

282 2950 483 3023 hlexandro
496 2952 622 3041 Magno
638 2950 792 3023 suhditis
807 2974 815 3033 ;
834 2969 900 3022 nee
915 2950 1113 3040 quidquam
1128 2953 1348 3043 oonjeoturas

282 3083 423 3148 nostras
443 3076 488 3148 de
508 3075 696 3166 Glaphyrae
715 3075 851 3166 nuptiis
872 3076 984 3164 magis
1006 3077 1216 3148 confirmare
1234 3083 1351 3167 potest

283 3219 389 3290 quam
413 3199 482 3271 ista
504 3199 614 3290 patris
642 3217 721 3270 eum
749 3199 840 3268 luha
871 3199 910 3269 iu
937 3200 1042 3289 longo
1073 3199 1168 3271 hello
1199 3202 1349 3274 societas

282 3321 558 3411 communiaque
573 3322 765 3413 stipendia.
784 3321 1117 3394 Probabilissimum
1138 3324 1289 3408 videtur,
1312 3333 1351 3398 ut

283 3447 479 3518 hariolatus
495 3454 549 3518 est
565 3465 658 3517 unus
676 3465 695 3517 e
711 3447 982 3530 recentissimis,
1006 3466 1121 3539 regem
1140 3449 1351 3522 hrohelaiim

284 3571 327 3643 ad
357 3571 473 3661 ipsam
502 3571 595 3642 hane
624 3570 888 3660 expeditionem
923 3591 1013 3663 opus
1038 3591 1143 3643 suum
1174 3575 1351 3662 eorrsurip-

285 3695 388 3766 sisse.
416 3696 509 3767 Satis
536 3696 632 3766 enim
655 3695 767 3766 libere
794 3695 885 3766 luha
914 3715 956 3767 ex
984 3715 1180 3768 coaevorum
1205 3715 1352 3768 suorum

285 3818 386 3890 libris
406 3818 550 3889 haurire
570 3826 821 3900 consueverat,
844 3826 883 3890 ut
903 3818 990 3889 Livii
1012 3826 1046 3891 et
1065 3821 1240 3910 Dionysii.
1267 3822 1350 3893 Cre·

285 3939 442 4013 dandum
471 3948 589 4013 autem
618 3943 756 4014 videtur
776 3938 858 4014 ante
879 3943 1011 4015 initum
1034 3945 1169 4014 hellum
1191 3945 1353 4015 drehelai

319 4327 350 4393 (u
372 4323 452 4390 nnn,
467 4327 498 4381 rr.
515 4333 557 4387 rr,
575 4323 621 4391 vr,
636 4326 676 4389 at,
690 4342 711 4380 s.
729 4331 766 4382 ar.
