3498 5324
851 532 1011 591 ..50-

398 669 501 763 potiti
527 676 630 750 sunt,
651 667 847 749 intactum,
871 686 976 740 scena
996 667 1244 739 tantummodo
1263 667 1463 754 destructa,

398 796 578 869 stantibus
593 802 710 867 autem
731 812 750 865 e
769 793 888 884 lapide
904 792 1076 883 quadrato
1096 793 1232 875 cuneis
1252 793 1463 878 lornicibuS,

399 928 433 994 et
457 920 612 992 rnirabili
638 919 775 1010 porticu
801 918 1011 990 rnarnroreis
1036 919 1270 1009 aegyptiisque
1289 919 1466 991 oolurnnis

324 1117 327 1125 Δ
398 1042 1462 1136 insigni,duraveratllnrphitheatrunrquoque,quodann.

398 1173 439 1241 D.
466 1172 557 1240 1875
577 1167 802 1240 Villeiossius
823 1168 910 1239 satis
932 1167 1026 1238 bene
1051 1174 1151 1239 stans
1166 1167 1370 1250 invenerat,
1394 1167 1465 1239 vidi

398 1313 461 1386 ego
479 1312 604 1366 novern
626 1294 732 1365 annis
754 1298 836 1383 post
852 1293 926 1382 iarn
947 1299 1153 1385 corruptum
1170 1299 1204 1365 et
1218 1292 1464 1384 praedantibus

398 1419 561 1492 consulto
581 1418 797 1509 perrnissunr
822 1443 829 1488 :
853 1415 949 1508 quod
969 1424 1089 1490 tarnen
1110 1418 1255 1508 longum
1275 1418 1357 1511 ped.
1381 1416 1462 1490 circ.

399 1563 491 1626 econ,
514 1544 650 1634 largum
671 1549 790 1615 autern
810 1543 892 1614 eirc.
912 1562 995 1626 onv,
1018 1543 1142 1633 optimi
1164 1543 1335 1633 temporis
1358 1562 1461 1634 opus,

399 1670 546 1759 insuper
580 1668 795 1760 martyribus
821 1668 998 1758 Marciana
1022 1667 1179 1740 Fabiano
1213 1667 1403 1740 Severiano
1432 1675 1466 1740 et

398 1792 528 1883 Aquila
545 1792 704 1881 illustre,
725 1811 882 1875 servare,
909 1799 947 1864 ut
974 1793 1122 1883 opinor,
1144 1792 1295 1865 deceret.
1320 1793 1463 1864 Nullurn

398 1924 516 1989 autem
532 1936 622 2010 opus
638 1916 758 1989 forsan
773 1918 888 2006 rnajus
902 1922 936 1987 et
952 1916 1137 2007 pulchrius
1150 1923 1225 1988 erat
1240 1935 1346 2006 quarn
1361 1935 1465 2007 aquae

398 2041 525 2113 ductus
546 2041 798 2126 Caesarienses.
823 2041 973 2114 Piscinae
993 2041 1162 2122 linaria,
1184 2042 1299 2127 laeua,
1322 2041 1466 2112 castella

283 2251 286 2256 Ι
397 2183 592 2256 aquarurn,
614 2167 735 2237 ornnia
755 2168 885 2238 rnirurn
910 2166 946 2236 in
976 2166 1121 2238 rnodurn
1147 2173 1180 2238 et
1207 2164 1407 2256 frequentia
1431 2172 1466 2237 et

398 2291 565 2382 grandia,
595 2299 755 2375 exstant,
785 2310 866 2383 quae
894 2291 1030 2382 copiam
1056 2291 1302 2382 largiebantur
1332 2289 1465 2381 populo

398 2415 694 2488 numerosissimo
716 2423 750 2489 et
774 2416 1020 2506 compluribus
1038 2415 1193 2487 balneis.
1217 2415 1326 2508 Longi
1347 2421 1464 2488 autern

398 2539 525 2613 ductus
545 2548 578 2613 et
598 2541 719 2612 eximii
739 2543 857 2633 operis
878 2547 999 2624 erant,
1023 2541 1105 2633 qui,
1124 2559 1174 2611 xx
1194 2559 1243 2611 nr.
1265 2521 1363 2632 psin
1384 2540 1464 2611 lon·

398 2665 595 2756 gitudinem
616 2666 840 2749 excedentes,
862 2685 975 2757 aquas
996 2685 1038 2737 en
1058 2672 1179 2737 monte
1199 2664 1307 2737 bodie
1325 2659 1466 2754 Djedet·

401 2783 567 2861 Obecoca
592 2791 775 2863 norninato
800 2798 835 2863 et
860 2791 968 2863 lluvio
991 2786 1329 2861 Oced-et-Hocbenc
1349 2787 1464 2870 dieto,

401 2916 505 2988 inodo
526 2936 589 3007 per
614 2916 791 3008 spatiosos
816 2924 850 2989 et
873 2934 1019 3007 capaces
1044 2912 1250 2996 cuniculos,
1273 2912 1381 2984 ruodo
1404 2931 1467 3003 per

399 3059 544 3133 speeurn
564 3041 717 3114 arcubus
733 3042 873 3133 magnis
893 3041 1118 3131 inpositum,
1142 3057 1258 3130 usque
1277 3038 1323 3109 ad
1342 3038 1467 3109 urbem

371 3258 372 3261 Ν
400 3165 572 3238 ierebant.
596 3168 687 3238 liaro
708 3166 798 3238 alias
823 3166 980 3238 cernitur
1006 3164 1215 3256 huiusmodi
1242 3161 1468 3255 splendidius

400 3310 504 3382 opus,
527 3310 609 3363 narn
631 3299 664 3364 et
684 3291 874 3385 adspectus
894 3292 1013 3383 prodit
1033 3298 1144 3363 artern
1165 3308 1385 3380 manumque
1402 3309 1466 3380 op·

401 3413 478 3486 tinri
498 3414 690 3507 temporis,
709 3424 743 3489 et
762 3417 943 3489 interdurn
965 3415 1182 3508 superpositi
1204 3422 1274 3486 tres
1298 3415 1466 3494 excelsis·

400 3537 572 3611 sirnorurn
592 3538 737 3612 arouurn
755 3541 900 3613 ordines
920 3541 1102 3613 addebant
1122 3539 1268 3612 utilitati
1288 3538 1409 3610 deous.

448 3664 592 3734 Nullunr
623 3683 702 3737 esse
739 3664 932 3739 aediliciunr
970 3665 1044 3736 dixi
1075 3664 1171 3755 quod
1206 3669 1300 3735 certo
1336 3659 1469 3734 indicio

374 3771 376 3776 ’
401 3795 576 3860 monstret
607 3808 628 3860 a
655 3790 747 3862 lube
774 3789 886 3862 luisse
913 3789 1110 3862 conditum.
1138 3787 1208 3859 sed
1232 3805 1342 3877 quun}
1366 3786 1470 3876 plura

401 3931 443 3986 ex
461 3913 519 3984 bis
537 3933 618 4004 quae
636 3916 710 4005 jarn
736 3917 863 4006 raptirn
885 3913 1078 3987 memoravi
1103 3913 1240 3984 illiusoe
1261 3912 1325 3983 aevi
1345 3916 1379 3984 ei
1398 3929 1470 3981 ma·

401 4037 615 4128 gnideentiae
640 4039 713 4110 sint
737 4047 771 4111 et
796 4059 838 4112 ex
868 4056 1019 4112 nurnero
1042 4055 1164 4110 eorum
1186 4055 1267 4128 quae
1289 4043 1372 4107 ante
1396 4053 1469 4106 orn-

401 4161 462 4232 nia
488 4163 526 4232 in
554 4163 641 4234 urbe
668 4163 855 4235 condenda
881 4164 927 4236 ad
950 4163 1113 4254 publicos
1142 4180 1229 4232 usus
1253 4158 1470 4234 exstruenda

401 4292 507 4371 sunt,
536 4288 623 4360 satis
654 4289 887 4379 probabiliter
918 4288 1082 4361 videntur
1111 4288 1218 4378 jussu
1252 4285 1344 4377 regis
1379 4285 1469 4356 laeta
