3490 5318
902 639 943 655 -
966 605 1021 669 112
1042 640 1083 654 -

430 825 433 832 ἦ
506 746 705 838 Ρωμαῖκῆν
734 744 903 837 ἱστορίαν
928 741 1208 837 (1111011111131131
1232 742 1435 833 Stephanus
1457 743 1519 835 By·

456 869 623 941 zantinus
638 871 834 960 Ρωμαϊκὴν
852 868 1136 962 ἀρχαιολογίαν
1151 863 1197 960 (1)
1215 891 1223 936 :
1240 867 1519 957 nonquodnibil

457 1000 585 1084 praeter
604 991 809 1081 antiquiora
833 1011 951 1064 rerum
972 1010 1200 1064 romanarum
1221 999 1518 1084 temporatracta·

458 1125 531 1201 ret,
559 1116 727 1206 sedecia
753 1117 804 1189 sic
823 1118 927 1210 vulgo
956 1125 1149 1208 utrumque
1175 1116 1384 1190 vocabulum
1409 1135 1518 1189 unum

457 1259 522 1332 pro
544 1240 654 1312 altero
682 1241 943 1333 usurpabatur,
971 1249 1009 1314 ut
1032 1243 1163 1314 iactum
1193 1260 1272 1314 esse
1294 1241 1458 1315 ridemus
1484 1242 1521 1313 in

458 1364 620 1457 Dionysii
640 1364 967 1439 Halicarnassensis
987 1385 1090 1459 opus.
1115 1366 1217 1454 Quod
1242 1373 1361 1440 autem
1388 1367 1519 1441 dictum

457 1491 584 1574 luerat,
602 1508 676 1562 non
691 1491 872 1564 exstitisse
886 1492 988 1565 lubae
1000 1491 1208 1583 hujusmodi
1225 1492 1411 1584 scriptum,
1429 1510 1522 1564 eum·

460 1633 529 1706 qne
545 1633 609 1707 pro
624 1615 795 1707 Dionysio
811 1635 832 1687 a
847 1616 1029 1707 Stephano
1042 1618 1163 1690 minus
1174 1623 1309 1691 attento
1322 1617 1519 1702 laudatum,

459 1758 556 1810 nunc
574 1733 693 1811 errore
715 1741 912 1832 conjectum
934 1748 1094 1833 apparet.
1122 1740 1279 1814 Peccavit
1298 1749 1419 1814 amen
1443 1741 1518 1814 Ste-

459 1864 624 1955 phanus,
653 1864 706 1935 rel
731 1865 851 1955 potius
881 1865 1013 1938 codicis
1040 1865 1215 1950 conditor,
1245 1884 1352 1958 quem
1380 1874 1520 1938 secutus

458 1985 650 2061 blneilems
670 1987 811 2060 duobus
835 1994 975 2061 tantum
1003 2008 1046 2062 ex
1073 1989 1176 2062 libris
1201 1992 1405 2064 constitisse
1433 2009 1521 2083 opus

460 2111 601 2184 credere
622 2111 772 2184 videtur.
797 2115 984 2204 Perpetem
1007 2132 1177 2187 numerus
1194 2113 1359 2197 traditur,
1383 2121 1417 2186 et
1436 2113 1522 2184 mul-

460 2238 506 2308 tis
522 2236 637 2309 modis
654 2235 883 2309 manifestum
897 2243 951 2310 est
966 2238 1162 2310 maximnm
1180 2256 1270 2331 opus
1291 2235 1416 2318 luisse.
1437 2237 1519 2308 bm-

460 2359 680 2451 plectebatur
717 2361 812 2433 enim
850 2360 1028 2452 quidquid
1061 2369 1261 2454 temporum
1295 2363 1444 2434 interest
1479 2358 1552 2453 ab!

461 2485 554 2558 Urbe
573 2485 716 2558 condita
735 2487 781 2560 ad
799 2494 949 2560 mortem
971 2489 1013 2558 D.
1032 2488 1202 2580 Augusti;
1226 2505 1291 2561 nec
1308 2487 1427 2559 obstat
1445 2485 1523 2557 titu-

459 2610 530 2694 lus,
553 2611 659 2683 modo
675 2629 787 2702 quum
807 2612 939 2684 multos
957 2611 1048 2684 allos
1067 2620 1142 2685 tum
1163 2612 1318 2686 maxime
1337 2610 1448 2684 Flavii
1467 2611 1523 2680 Jo-

460 2736 563 2827 sephi
590 2736 701 2809 libros
728 2738 1009 2830 interrogemus,
1038 2739 1100 2829 qui
1127 2738 1195 2810 sub
1224 2732 1521 2830 Ἀρχαιολογία,

461 2859 498 2931 id
517 2867 572 2933 est
590 2858 872 2954 Antiquitatum,
895 2862 1041 2934 nomine
1060 2860 1106 2932 ad
1129 2861 1244 2952 ipsius
1267 2858 1422 2932 auctoris
1442 2865 1523 2931 aeta·

460 2989 531 3054 tem
561 2983 785 3076 perveniunt.
808 2985 878 3058 Neo
898 2984 1005 3058 breve
1028 3004 1146 3058 rerum
1174 2983 1411 3057 summarium
1436 2981 1521 3064 init,

463 3106 526 3180 sed
540 3109 710 3183 continua
728 3109 961 3201 locuplesque
977 3110 1147 3191 narratio,
1167 3127 1274 3210 qnam
1291 3106 1403 3179 inisse
1418 3104 1522 3177 etiam

461 3230 760 3304 abundantiorem
780 3233 843 3304 ubi
869 3240 930 3305 aut
955 3232 999 3305 de
1018 3231 1241 3325 temporibus
1262 3238 1323 3303 ant
1343 3230 1388 3303 de
1413 3229 1523 3320 regio-

462 3353 570 3428 nibus
590 3356 829 3448 gentibusque
843 3355 978 3430 auctori
996 3355 1224 3447 propioribus
1240 3349 1402 3446 ageretur
1423 3352 1525 3443 plura

463 3497 544 3572 quae
564 3479 655 3551 inira
676 3498 851 3572 exponam
876 3479 1037 3553 edocent.
1058 3480 1261 3553 Narrationi
1287 3479 1433 3551 insertae
1459 3475 1524 3547 ire-

463 3612 613 3696 qucntes
651 3604 883 3677 occurrebant
917 3603 1100 3696 particulae
1132 3603 1176 3675 ad
1208 3620 1325 3675 mores
1362 3600 1525 3673 instituta

462 3727 620 3820 linguam
641 3736 675 3800 et
694 3727 826 3800 similia
852 3730 1092 3820 pertinentes,
1116 3746 1196 3819 quae
1215 3726 1396 3799 interdum
1417 3725 1523 3798 etiam

463 3852 857 3928 dissertatiuncularem
878 3854 915 3925 in
935 3853 1083 3926 termam
1104 3854 1315 3945 gliscebant,
1338 3859 1372 3924 et
1393 3850 1524 3943 quibus

463 3977 501 4051 in
521 3978 719 4052 condendis
736 3977 827 4051 tuba
845 3978 916 4049 alio
934 3995 999 4050 suo
1020 3995 1139 4070 opere,
1157 3971 1411 4070 Ὁμοιότητας
1431 3969 1523 4056 dico,

384 4365 387 4369 λ
495 4287 528 4352 (i)
545 4287 629 4350 111111,
646 4287 740 4351 fragm.
757 4285 821 4338 l-20.

494 4375 527 4438 (1)
545 4373 615 4427 Βιν.
631 4390 656 4428 v.
676 4374 834 4440 ’troezenae
856 4373 955 4438 Ὠστία,
972 4374 1108 4441 Νομαντία.
1245 4385 1248 4392 ’
