3490 5318
721 571 759 585 -
785 535 848 602 143.
863 571 901 584 -

276 681 352 772 ejus
371 677 444 750 rita
461 674 617 768 publica.
640 676 798 767 Augusto
818 675 915 748 enim
934 681 1116 767 acceptum
1132 681 1166 748 et
1180 675 1338 772 gratissi·

276 821 373 875 mum
402 801 469 873 hoc
495 799 674 872 sentiendi
701 798 952 890 scribendique
978 819 1091 891 genus
1115 799 1227 874 inisse
1257 801 1359 890 quis¹

277 929 404 1019 estqui
420 944 493 999 non
510 923 646 997 videat?
658 925 736 998 Non
753 925 869 996 solum
886 924 981 997 enim
997 926 1133 998 litteras
1149 923 1339 997 humanio-

278 1069 406 1142 resque
430 1049 639 1142 disciplinas
658 1047 807 1130 amavit,
828 1047 891 1121 sed
912 1067 972 1120 eas
991 1051 1063 1142 πρὸς
1081 1051 1118 1118 τὸ
1139 1029 1289 1144 χρήσιμον
1305 1056 1343 1121 et

278 1175 533 1251 convertendas
551 1175 688 1266 putavit
707 1180 742 1245 et
763 1173 901 1246 studuit
921 1180 1136 1252 convertere.
1157 1175 1254 1248 Nihil
1273 1193 1339 1246 au·

278 1309 349 1375 tem
380 1299 493 1392 magis
521 1297 617 1370 cordi
645 1297 816 1369 habuisse
843 1296 982 1370 videtur
1009 1317 1117 1391 quarn
1149 1299 1340 1390 imperium

279 1443 485 1507 romanum,
516 1430 567 1496 tot
594 1423 758 1495 nationes
777 1423 982 1514 amplexum
1009 1441 1125 1514 nuper
1148 1421 1267 1496 adhuc
1290 1425 1342 1495 in·

280 1558 332 1624 ter
359 1569 398 1624 se
425 1549 574 1622 hostiles
601 1555 662 1620 aut
692 1549 817 1621 saltem
842 1549 942 1620 nulla
966 1547 1232 1621 necessitudine
1254 1566 1340 1620 con·

277 1676 442 1767 junctas,
474 1680 628 1745 ceterum
652 1690 779 1764 genere
804 1672 875 1744 rita
902 1678 936 1746 et
960 1671 1067 1744 rebus
1095 1679 1200 1746 antea
1233 1674 1343 1765 gestis

282 1799 463 1892 dispares,
486 1797 713 1871 sermonibus
733 1803 872 1871 utentes
892 1796 1013 1879 variis,
1038 1797 1077 1868 in
1097 1816 1209 1870 unum
1230 1818 1344 1889 quan·

282 1930 356 1995 tum
387 1923 508 1996 liceret
544 1928 579 1994 et
612 1919 812 1993 consistens
840 1920 979 2011 aliquid
1005 1920 1172 1994 condere.
1210 1921 1345 1996 Unitati

284 2047 384 2121 ltalia
414 2048 587 2140 nucleus,
621 2045 744 2137 lingna
776 2045 887 2118 latina
918 2064 1107 2119 commune
1137 2045 1344 2133 vinculum,

284 2171 350 2244 dea
373 2173 484 2244 Roma
502 2189 637 2243 numen
660 2169 789 2243 tuturae
807 2176 920 2244 erant.
945 2169 1128 2262 Quidquid
1146 2170 1254 2262 igitur
1273 2172 1344 2244 lta·

283 2294 368 2367 liam
395 2295 586 2367 nobilitare
608 2300 763 2387 poterat,
785 2294 944 2385 linguam
965 2300 1000 2366 et
1023 2313 1080 2366 res
1105 2271 1345 2368 Romanorum

285 2437 348 2512 per
365 2419 524 2504 alienas,
550 2418 613 2491 sed
632 2417 786 2490 maxime
805 2438 957 2510 graecas,
980 2419 1183 2511 dispergere
1199 2427 1344 2511 gentes,

286 2545 517 2634 Romanoque
553 2543 692 2615 nomini
729 2543 884 2617 favorem
922 2551 956 2617 et
989 2543 1097 2616 decus
1134 2543 1230 2636 apud
1266 2545 1347 2619 illas

286 2668 383 2750 dare,
399 2668 581 2760 Augustus
602 2667 827 2742 carissimum
845 2668 984 2740 hahuit.
1007 2669 1347 2743 verumenimvero

289 2793 319 2864 si
339 2791 421 2884 quis
440 2811 608 2883 greonem,
634 2793 788 2866 manime
807 2812 850 2865 en
870 2793 967 2866 Livio
991 2791 1120 2889 (idque
1139 2793 1243 2884 quasi
1264 2795 1349 2867 scri·

287 2916 431 2988 bentem
456 2923 496 2988 ut
519 2935 672 3008 quaeque
698 2916 825 2990 edebat
851 2913 1011 3010 secutus)
1040 2919 1208 2989 Romanae
1234 2918 1350 3009 gentis

289 3039 476 3113 historiam
501 3040 693 3125 condebat,
722 3047 757 3113 et
777 3042 993 3124 Varronem,
1022 3041 1150 3114 iisdem
1178 3041 1349 3134 tempori·

288 3164 358 3238 bns
378 3165 510 3255 quihus
538 3167 615 3257 ejus
635 3162 690 3234 De
709 3161 764 3234 Re
782 3161 932 3236 chstica
952 3163 1063 3238 libros
1083 3163 1252 3258 Virgilius
1272 3185 1349 3239 car·

290 3289 387 3361 mine
406 3289 565 3372 vestivit,
587 3287 633 3361 ad
653 3307 758 3362 usum
783 3290 984 3370 Graecorum
1005 3289 1163 3362 vertebat
1185 3297 1220 3363 et
1242 3290 1352 3364 italici

291 3413 430 3504 generis
458 3413 629 3508 gloriam,
659 3413 747 3503 quid
779 3412 823 3485 de
853 3432 894 3485 eo
922 3415 1091 3506 Princeps
1123 3412 1256 3488 sentire
1288 3415 1351 3488 de·

290 3533 397 3610 buit?
432 3539 515 3610 Erat
547 3545 665 3612 autem
697 3539 757 3611 ille
783 3541 857 3630 jain
889 3543 1090 3635 χαριέστατος
1123 3539 1284 3628 βασιλεύς,
1321 3545 1356 3614 ei

294 3659 381 3732 rnihi
400 3661 567 3754 proiecto·
582 3662 721 3736 videtur
746 3663 834 3735 adeo
858 3670 1013 3736 mentem
1038 3665 1188 3738 Caesaris
1212 3672 1354 3754 secutus

293 3785 422 3876 utqui
455 3804 536 3858 eum
564 3787 670 3878 jussu
699 3788 849 3860 Caesaris
880 3807 970 3880 opus
1002 3789 1203 3881 suscepisse
1236 3789 1356 3862 credat

293 3906 382 3980 forte
405 3927 532 4001 parum
560 3930 581 3982 a
606 3930 687 3983 vero
711 3911 862 3984 aberret.
890 3913 933 3984 m
957 3912 1069 3995 luha,
1095 3912 1157 4002 qui
1187 3911 1354 4005 sibiipsi

293 4031 446 4106 indulsit
462 4035 530 4129 accpi
549 4037 654 4128 φθορᾶς
673 4029 779 4114 λέξεως
802 4041 837 4107 ei
854 4037 921 4130 περὶ
940 4030 1100 4131 ζωγράφων
1120 4035 1302 4109 disserens
1322 4044 1357 4110 et

294 4159 452 4251 θεατρικὴν
478 4157 635 4230 condens
657 4159 788 4254 ἱστορίαν
815 4157 1030 4251 pietatisque
1053 4161 1092 4232 in
1111 4159 1263 4252 patriam
1282 4163 1357 4254 pig·

297 4298 366 4352 nus
384 4277 503 4350 urdene
527 4282 633 4354 etiam
661 4282 815 4368 iaciens,
838 4282 1023 4357 domestici
1050 4290 1222 4378 praeterea
1243 4287 1355 4378 scrip-
