3490 5318
870 633 1051 698 -134-

427 791 501 846 non
532 773 604 844 nisi
633 771 885 844 contrahendae
912 771 997 843 binc
1023 769 1125 842 illinc
1154 771 1262 862 sylvae
1286 768 1403 842 studio
1429 785 1490 838 va·

427 897 539 968 luisse
559 895 740 978 dicentes;
768 902 803 967 et
822 914 945 969 vereor
968 913 1014 967 ne
1041 896 1119 986 ipse
1144 896 1407 975 Mommsenus‚
1429 893 1492 984 qui

429 1037 511 1091 eum
532 1037 676 1109 quoque
701 1019 738 1091 in
766 1019 822 1090 ria
845 1026 970 1092 nactus
996 1017 1124 1109 raptim
1146 1019 1240 1090 inter
1263 1016 1334 1088 alia
1359 1015 1490 1107 tetigit,

429 1161 508 1214 cum
529 1141 587 1212 bis
607 1142 835 1232 aliquatenus
855 1143 1057 1214 consentire
1072 1141 1245 1214 videatur.
1269 1139 1338 1212 Sed
1358 1145 1493 1230 epacte

429 1265 605 1338 contraria
630 1284 709 1337 cum
731 1267 904 1339 Heerenio
926 1272 961 1338 et
983 1266 1123 1357 Plaggio
1143 1266 1295 1337 Bartbus
1315 1263 1492 1336 llellerus·

429 1407 500 1480 pue
517 1388 662 1471 adsunt,
686 1390 748 1481 qui
769 1409 841 1461 non
863 1390 977 1462 solum
1000 1390 1125 1480 quanti
1144 1389 1235 1461 luba
1255 1389 1366 1461 iactus
1383 1387 1430 1460 sit
1446 1386 1492 1460 ab

429 1514 587 1604 Augusto
609 1514 724 1585 Plinio
746 1514 934 1586 Plutarcho
955 1515 1091 1586 AEliano
1111 1515 1274 1606 Appiano
1302 1531 1376 1584 non
1395 1529 1492 1602 sper-

429 1636 559 1710 nendis
582 1634 679 1710 'sane
708 1636 891 1730 judicibus
923 1644 1140 1719 memorant,
1177 1636 1240 1710 sed
1271 1634 1491 1728 diligentiam

432 1760 539 1832 fidem
561 1768 596 1834 et
614 1761 817 1835 mehercule
843 1763 948 1833 etiam
972 1779 1122 1834 acumen
1149 1760 1296 1834 laudare
1314 1761 1392 1852 ejus
1413 1760 1492 1830 ausi

430 1892 528 1957 sunt.

315 1999 318 2004 ’
479 2011 529 2081 lle
545 2008 627 2082 stilo
642 2009 743 2081 lubae
758 2015 792 2081 et
804 2009 939 2100 lingua,
958 2009 1169 2082 intenebris
1185 2010 1317 2082 versari
1330 2028 1396 2082 nos
1412 2026 1494 2081 con·

429 2132 604 2206 iitendum
629 2140 695 2205 est.
721 2135 809 2204 Nam
835 2134 932 2224 quod
962 2134 1125 2224 Plaggius
1149 2133 1332 2205 contendit
1357 2133 1493 2204 bonum

430 2256 638 2346 scriptorem
661 2256 775 2329 luisse
798 2257 944 2341 tubam,
971 2265 1033 2330 aut
1052 2259 1083 2329 si
1104 2257 1159 2329 cui
1181 2258 1302 2329 minus
1324 2257 1392 2329 hoc
1414 2274 1494 2347 pro-

428 2379 546 2463 betur,
565 2386 645 2470 post
660 2398 834 2470 suppares
852 2381 1056 2472 scriptores,
1074 2380 1199 2471 utique
1218 2381 1385 2472 optimos,
1403 2386 1496 2452 certe

430 2520 503 2574 non
533 2503 626 2575 inter
650 2504 849 2594 pessimos,
877 2523 956 2576 esse
987 2504 1266 2585 recensendum,
1294 2503 1497 2576 verosimile

431 2625 570 2699 vitietur
590 2627 653 2699 sed
672 2626 805 2700 diserto
824 2627 1037 2699 documento
1051 2633 1159 2700 caret.
1178 2628 1343 2700 Attamen
1363 2629 1394 2700 si
1414 2627 1495 2699 Plu·

430 2751 563 2822 tarchei
588 2749 734 2823 Antonii
759 2770 880 2823 revera
907 2751 1097 2844 posteriori
1121 2752 1213 2843 parti
1241 2752 1382 2834 subest,
1410 2769 1493 2843 pro·

429 2873 519 2946 fecto
541 2893 608 2946 nec
630 2875 682 2946 vis
708 2875 848 2948 dicendi
870 2894 937 2949 nec
956 2875 1148 2948 efficacitas
1172 2875 1344 2948 orationis
1367 2893 1433 2948 uec
1456 2874 1495 2946 in

431 2998 611 3071 narrando
630 3005 799 3071 venustas
820 2999 982 3082 deerant,
1001 2998 1064 3072 sed
1083 3000 1191 3072 timeo
1207 3018 1252 3071 ne
1272 3017 1315 3070 ex
1334 2999 1392 3072 his
1411 3000 1493 3071 llel·

430 3121 503 3192 lius
526 3123 677 3193 multum
703 3121 772 3193 sibi
802 3139 992 3213 exposcere
1013 3130 1132 3213 queat.
1157 3125 1331 3196 Praeterea
1355 3141 1398 3194 ex
1421 3123 1494 3214 lip-

431 3245 539 3335 piano
564 3245 656 3317 nibil
681 3246 854 3336 conjicere
879 3246 961 3318 licet
983 3271 990 3317 :
1014 3266 1097 3317 uam
1116 3246 1161 3331 is,
1185 3247 1283 3336 quod
1303 3247 1349 3319 ad
1374 3247 1496 3319 stilum

433 3376 580 3458 spectat,
597 3369 779 3442 liberrime
799 3377 965 3442 retractat
987 3377 1167 3454 auctores
1189 3371 1406 3462 propriaque
1420 3370 1494 3443 elo·

433 3494 575 3564 cutione
594 3501 628 3567 et
647 3494 716 3566 sibi
740 3495 876 3586 ubique
896 3502 1082 3567 constante
1101 3496 1137 3566 in
1159 3514 1265 3586 opere
1284 3515 1348 3568 suo
1369 3497 1494 3569 utitur.

434 3617 478 3689 lit
494 3616 644 3708 puderet
662 3618 763 3691 lubae
783 3619 966 3709 eloquium
983 3619 1021 3689 iu
1037 3619 1160 3691 frustis
1176 3639 1257 3710 quae
1271 3620 1361 3692 alias
1376 3639 1497 3713 super-

434 3748 518 3812 sunt
551 3760 733 3832 quaerere,
767 3743 900 3834 quibus
930 3761 1025 3834 saepe
1052 3744 1149 3834 apud
1177 3763 1258 3816 eum
1285 3745 1356 3816 alia
1384 3745 1499 3816 forma

435 3884 514 3938 esse
534 3865 670 3938 debuit.
1100 3939 1102 3944 .

481 3989 578 4062 Nibil
604 3991 700 4082 apud
728 3993 943 4064 recentiores
971 3992 1083 4083 magis
1109 3992 1141 4063 ei
1165 3992 1332 4064 nocuisse
1358 3990 1499 4064 videtur

434 4131 540 4203 quam
561 4114 659 4204 quod
677 4115 716 4186 in
739 4114 946 4207 fragmentis
971 4117 1048 4208 ejus
1073 4116 1204 4190 iabulae
1225 4116 1349 4190 multae
1373 4132 1495 4188 occur·

433 4243 535 4320 runt,
562 4239 659 4311 unde
682 4239 790 4310 anilis
814 4239 1035 4313 credulitatis
1055 4239 1191 4312 crimen
1211 4239 1416 4313 alluellero
1441 4240 1497 4311 in·

434 4367 585 4435 tentum.
608 4362 678 4440 Sed
701 4368 795 4435 recte
821 4362 942 4440 forsan
970 4364 1132 4442 Kellerus
1153 4362 1349 4438 cavendum
1376 4368 1498 4440 monet
