3490 5318
740 595 919 656 -lrc-

295 733 487 814 exstitisse,
509 734 644 804 chuno
666 733 850 824 Fulgentio
870 735 1108 817 nominatum,
1125 736 1217 808 docti
1239 739 1358 828 plures

298 856 462 929 hemines
483 864 626 949 negant.
650 860 782 929 Forsan
808 859 894 929 satis
924 858 1081 949 locuples
1106 860 1173 931 iuit
1199 862 1357 936 collectio

294 1000 410 1052 rerum
428 983 465 1053 in
482 988 610 1054 natura
627 982 858 1053 mirabilium.
879 985 1012 1056 Forsan
1032 986 1137 1056 etiam
1155 983 1210 1054 De
1226 1007 1268 1056 re
1282 1009 1359 1058 rus·

208 1177 212 1184 .
295 1103 363 1174 tica
386 1105 477 1177 luha
505 1105 643 1195 aliquid
665 1106 856 1196 scripserat
879 1104 943 1199 (1).
967 1109 1073 1178 Plura
1096 1109 1244 1200 insuper
1263 1110 1355 1204 irag-

295 1236 414 1300 menta
432 1230 528 1302 sedis
547 1215 691 1302 incertae
712 1230 899 1312 habemus,
918 1238 952 1302 et
972 1231 1049 1303 sieri
1069 1240 1185 1323 potest
1205 1241 1242 1306 ut
1261 1253 1357 1324 queo·

294 1353 374 1424 dam
395 1372 438 1424 66
458 1353 605 1425 omnino
626 1346 820 1444 deperditis
840 1355 942 1427 libris
963 1357 1157 1447 supersint.

342 1477 439 1559 lilia,
462 1478 659 1568 pracsertim
681 1476 724 1546 cle
748 1478 870 1547 metris
893 1477 961 1573 (1),
985 1482 1135 1553 Sevinus
1155 1489 1190 1553 et
1209 1485 1356 1557 Vossius

293 1603 431 1674 cuidam
446 1604 606 1693 ejusdem
623 1603 781 1676 nominis
802 1604 865 1676 sed
884 1605 1029 1677 serioris
1049 1607 1113 1676 aevi
1130 1610 1356 1697 grammatico

294 1727 526 1799 tribuerunt:
550 1745 622 1798 non
648 1734 767 1799 tamen
795 1729 873 1800 sine
897 1731 1157 1814 controversia,
1183 1750 1265 1802 nam
1286 1732 1358 1805 iere

299 1847 410 1922 solam
434 1853 612 1951 rationem
628 1851 805 1923 dederunt
824 1852 921 1942 quod
942 1855 1054 1925 latina
1073 1855 1194 1945 lingua
1213 1856 1359 1929 tradun-

291 1981 370 2056 tur;
406 1981 441 2045 at
469 1974 660 2047 Muellerus
693 1982 784 2047 recte
816 1977 956 2048 monuit
985 1977 1084 2049 nihil.
1102 1979 1243 2051 obstare
1267 1980 1354 2070 quin

290 2097 381 2170 luha
405 2098 449 2170 de
473 2099 580 2171 rebus
609 2098 732 2170 latinis
758 2099 870 2171 latino
897 2103 1061 2172 sermone
1086 2102 1238 2185 dixerit,
1260 2122 1352 2194 prae·

292 2225 414 2295 sertim
443 2242 554 2315 quum
580 2225 623 2296 de
655 2225 777 2295 metris
804 2225 927 2296 latinis
951 2233 1134 2316 ageretur,
1162 2233 1196 2298 et
1222 2228 1355 2299 scimus
1453 2286 1456 2291 .

290 2348 385 2439 apud
413 2350 552 2422 Graecos
582 2368 661 2421 raro
694 2355 832 2420 tantum
862 2349 984 2422 161166
1018 2351 1149 2441 linguae
1181 2351 1355 2424 tributum

290 2472 402 2544 luisse
422 2479 461 2544 ut
481 2491 558 2544 cam
586 2480 736 2545 tractare
761 2472 1007 2565 dignarentur.
1035 2475 1105 2548 Sed
1130 2475 1218 2546 mihi
1246 2477 1355 2547 alicu-

288 2598 348 2686 jus
370 2598 542 2669 momenti
562 2616 641 2669 esse
660 2604 780 2669 tamen
801 2597 979 2669 videretur
998 2599 1095 2688 quod
1114 2599 1257 2670 Servius
1284 2597 1294 2693 (
1320 2596 1353 2692 ),

291 2720 334 2792 de
353 2722 409 2793 his
426 2722 572 2793 verbum
590 2697 737 2808 iaciens,
752 2728 931 2793 auctorem
946 2722 1072 2792 tultam
1090 2722 1351 2812 artigraphum,

291 2864 364 2916 non
383 2846 511 2917 Jubam
532 2865 671 2937 regem,
695 2846 870 2917 nominet.
894 2846 1090 2917 Dubitandi
1110 2865 1190 2917 vero
1210 2865 1352 2916 causam

290 2988 332 3040 66
354 2971 500 3042 sustulit
520 2972 563 3041 H.
585 2972 729 3041 Pataros
750 2969 881 3041 docens
902 2988 1034 3040 canon
1055 2988 1134 3042 esse
1154 2989 1234 3059 quac
1252 2970 1353 3040 lubae

290 3095 440 3184 tempori
456 3095 610 3166 adscribi
633 3103 780 3184 666661,
799 3095 932 3166 nedum
954 3095 1071 3183 ipsum
1093 3095 1249 3166 habeant
1267 3113 1351 3166 auc-

292 3228 414 3290 torem.
437 3219 518 3289 Fuit
536 3218 656 3309 igitur,
677 3219 779 3290 tertio
800 3226 839 3289 ut
854 3218 994 3290 videtur
1017 3219 1160 3301 sacculo,
1179 3237 1354 3308 gramma-

290 3343 379 3412 ticus
400 3341 546 3431 quidam
569 3342 836 3424 6661661616,
861 3342 923 3431 qui
943 3342 1054 3413 latine
1074 3342 1118 3413 de
1138 3343 1260 3415 metris
1281 3343 1354 3414 dis·

290 3467 414 3536 seruit.
774 3559 776 3562 Ι

338 3593 528 3680 Nunquam
545 3598 664 3663 autem
681 3591 829 3662 omnino
847 3598 968 3663 noster·
983 3592 1053 3662 nisi
1070 3609 1180 3680 graeoe
1195 3591 1350 3681 scripsit.

292 3717 501 3804 Fragmenta
521 3715 665 3805 quidem
689 3725 769 3804 6666
793 3722 935 3786 exstant
957 3734 1067 3805 graece
1086 3721 1147 3785 aut
1167 3714 1275 3786 latine
1295 3734 1353 3786 66-

289 3840 469 3928 primunt,
501 3839 656 3929 quisque
684 3859 749 3910 666
775 3840 920 3930 lingua,
945 3846 1119 3909 auctores.
1150 3837 1218 3908 Sed
1245 3857 1353 3928 appa·

321 4165 355 4228 (l)
374 4157 434 4215 Vid.
448 4165 541 4230 irogm.
555 4166 593 4216 69.

322 4255 353 4316 (l)
374 4253 476 4319 Fregm.
491 4254 535 4312 91;
552 4253 615 4304 Vid.
631 4259 695 4318 etp.
712 4255 765 4304 4118.

319 4342 352 4406 (3)
372 4345 420 4395 Ad.
435 4346 502 4404 Μ,
517 4342 551 4404 V,
567 4344 620 4398 em.
741 4371 745 4380 ·
