3490 5318
861 535 1039 597 ..1504

419 679 455 747 ct
483 691 632 745 numero
665 673 785 746 munis
817 673 936 746 adhuc
967 672 1097 746 molem
1135 672 1233 744 illam
1267 674 1482 745 Mauretanae

419 797 535 889 gentis
554 796 717 868 funditus
738 815 881 870 movere
900 815 973 868 non
992 797 1120 889 potuit.
1143 796 1227 868 Plus
1247 815 1354 887 quam
1373 795 1481 868 dimi·

419 919 519 994 dium
539 923 709 995 saeculum
737 929 945 1014 regnaverat
961 922 1054 995 luba
1077 928 1213 1005 noster,
1235 922 1300 993 sed
1318 920 1481 1012 pluribus

419 1064 510 1137 opus
535 1045 602 1118 luit
627 1052 667 1118 ut
693 1048 832 1119 romani
862 1047 977 1120 coloni
1011 1053 1047 1119 et
1072 1066 1189 1120 mores
1217 1053 1326 1119 totam
1352 1052 1481 1119 terram

419 1179 646 1262 occuparent.
681 1173 765 1244 Post
801 1174 897 1245 enim
940 1191 1049 1264 quam
1088 1175 1291 1246 ldaurorum
1331 1179 1480 1264 gentes,

419 1293 568 1368 Claudio
602 1295 801 1386 imperante
837 1297 965 1381 victae,
1000 1298 1151 1389 imperio
1184 1297 1335 1370 addictae
1369 1303 1480 1381 sunt,

419 1419 542 1491 hostili
570 1419 691 1492 animo
722 1428 963 1500 mansemnt‚
995 1420 1186 1511 usquead
1219 1420 1481 1493 Antoninorum

418 1549 561 1635 tempus
580 1543 673 1616 male
692 1562 810 1635 neque
829 1545 982 1637 perlecto
1000 1544 1158 1618 domitae.
1184 1543 1251 1624 uoi
1271 1550 1390 1617 autem
1409 1544 1480 1614 lm·

418 1676 617 1760 peratores,
639 1688 762 1761 pacem
783 1669 896 1742 libera
915 1671 1066 1743 Gaetulia
1084 1687 1272 1760 nunquam
1292 1667 1366 1742 iore
1384 1686 1479 1744 com·

416 1799 558 1885 portum
585 1791 781 1877 hahentes,
810 1801 933 1886 gentes
966 1795 1044 1887 ejus
1077 1801 1140 1866 aut
1170 1793 1387 1868 domuerunt
1420 1800 1482 1866 aut

417 1925 552 1991 terrore
572 1925 808 2009 pataverunt,
829 1925 915 1991 tuno
931 1918 1109 2010 populus,
1130 1918 1365 2010 agricultura,
1389 1925 1483 1991 artes

417 2063 438 2114 a
458 2041 593 2133 campis
614 2043 704 2113 mari
723 2042 850 2115 vicinis
870 2042 1045 2135 gradatim
1073 2041 1258 2115 meridiem
1277 2061 1401 2116 versus
1420 2060 1484 2134 per

418 2167 531 2239 saltus
551 2171 586 2240 et
605 2165 715 2238 valles
735 2186 851 2260 nuper
871 2166 1037 2239 Barbarie
1057 2167 1232 2241 obnoxias
1251 2168 1413 2251 iverunt,
1433 2167 1484 2240 ita

418 2298 458 2363 ut
482 2291 691 2364 severorum
716 2297 876 2384 tempore
899 2298 1076 2365 extremas
1101 2291 1337 2375 solitudines,
1364 2292 1481 2364 omni·

417 2414 486 2488 bus
507 2420 599 2487 retro
623 2417 771 2489 mutatis
799 2423 834 2489 et
858 2415 904 2488 ad
930 2422 1062 2488 statum
1088 2417 1272 2488 meliorem
1296 2415 1481 2502 adductis,

416 2545 628 2630 tangerent,
659 2539 888 2612 studentibus
923 2539 1016 2612 diris
1052 2538 1275 2631 principibus
1314 2538 1409 2612 bello
1451 2547 1485 2613 et

417 2681 503 2755 pace
518 2666 689 2739 strenuis.
710 2665 886 2738 Maximus
901 2671 1020 2738 autem
1037 2664 1206 2756 splendor
1223 2661 1483 2736 Gordianorum

417 2795 577 2880 tempore
610 2789 677 2862 tuit
707 2813 716 2861 :
752 2808 865 2873 nam,
900 2796 1091 2882 postquam
1125 2788 1326 2861 Gordianus
1361 2788 1484 2879 iunior

417 2931 439 2986 a
469 2913 638 2987 Numidia
669 2913 715 2986 ed
755 2914 1011 2989 Caesariensem
1043 2914 1197 3006 legatum
1235 2911 1483 3005 legionemque

418 3039 620 3124 transtulit,
640 3039 827 3132 presidia,
849 3039 978 3123 urbes,
999 3041 1206 3112 colonorum
1223 3039 1339 3130 majus
1357 3036 1479 3119 robur,

418 3163 539 3233 omnia
554 3162 672 3236 valida
686 3164 851 3238 florentie
866 3165 924 3237 his
938 3165 977 3236 in
992 3162 1155 3256 partibus
1172 3161 1365 3235 constituta
1382 3169 1490 3234 sunt:

417 3284 487 3358 Sed
506 3285 578 3358 iere
604 3287 672 3364 tria
691 3289 822 3362 saecula
844 3289 890 3362 ad
915 3289 953 3361 id
981 3289 1099 3380 operis
1125 3289 1293 3376 virsatis
1312 3287 1479 3359 lucrant:

418 3415 557 3482 tantum
589 3412 685 3484 inest
713 3414 972 3505 pervicacitatis
1005 3413 1171 3506 gentibus
1205 3420 1241 3485 et
1274 3414 1344 3505 ipsi
1379 3411 1478 3484 solo!

418 3534 526 3619 Nam,
549 3554 661 3627 quum
687 3538 856 3611 Numidia
873 3539 1031 3624 luhana,
1054 3558 1135 3629 quae
1155 3537 1481 3612 constantiniensis

417 3659 600 3750 provincie
614 3669 685 3745 est,
704 3664 911 3736 allomanis
926 3664 1036 3737 semel
1051 3670 1238 3755 occupata,
1256 3682 1339 3735 mor
1353 3660 1483 3736 Airicae

418 3783 603 3857 simillime
628 3791 663 3858 et
689 3805 769 3860 vere
798 3788 958 3861 Romana
984 3787 1074 3860 iacta
1101 3787 1171 3868 sit,
1201 3795 1237 3860 et
1260 3806 1379 3872 nuno,
1401 3792 1482 3879 post

417 3924 497 3980 acre
515 3907 651 3981 bellum
678 3911 843 3998 subdita,
872 3919 996 3986 nostre
1022 3912 1140 3986 libens
1166 3918 1290 4004 pacata
1313 3918 1478 3994 maneat,

419 4030 614 4106 Oranensis
642 4042 771 4110 contra
792 4037 1083 4130 ilgeriensisque
1107 4041 1333 4110 contumaces
1358 4034 1480 4108 adver·

419 4173 482 4227 sus
508 4174 633 4230 omnes
658 4167 693 4232 et
716 4161 861 4234 luerunt
880 4168 915 4234 et
939 4168 1024 4234 sunt
1050 4161 1169 4234 adhuc
1189 4185 1198 4232 ε
1227 4178 1345 4252 neque
1371 4160 1481 4234 unius

419 4279 490 4354 diei
510 4283 645 4366 labore
676 4304 792 4362 mores
825 4289 1078 4372 humaniores
1112 4286 1261 4362 meliora
1291 4287 1477 4369 instituta,
