3490 5318
881 582 920 594 -
945 546 1000 608 Ml
1022 579 1061 592 -

442 692 522 765 dem
542 697 577 762 et
599 688 703 761 titulo
724 687 829 760 attico
854 702 961 777 quem
984 686 1022 755 in
1042 681 1065 778 S
1083 684 1097 754 l
1118 683 1221 756 retuli
1244 684 1502 775 suspioandum

443 815 581 888 videtur
607 813 835 904 aliquatenus
868 809 1040 900 maiorem
1068 805 1292 882 nobilitatem
1319 827 1363 881 ex
1393 815 1504 882 matre

441 958 549 1032 quam
565 956 608 1014 err
622 943 722 1030 patre
734 935 808 1009 lilio
824 932 1017 1007 derivatam
1035 931 1160 1005 luisse.
1179 932 1254 1006 Etsi
1269 933 1365 1006 enim
1383 931 1504 1025 spuria

442 1070 542 1146 erat,
578 1068 698 1134 tamen
732 1077 774 1132 err
807 1055 1054 1130 illustrissima
1088 1054 1360 1129 Ptolemaeorum
1396 1056 1505 1149 stirpe

442 1186 561 1278 genita
587 1181 872 1276 proclamabatur
898 1179 1047 1261 Selene,
1082 1177 1178 1270 apud
1212 1183 1302 1270 quos
1336 1177 1504 1270 legitimis

442 1311 563 1401 pueris
577 1308 678 1382 laoile
693 1304 1009 1408 equiparabantur
1022 1301 1128 1375 etiam
1144 1303 1351 1386 adulterini,
1370 1309 1405 1375 et
1418 1321 1504 1376 arus

443 1436 589 1510 Auletes
613 1452 673 1506 rex
701 1431 816 1506 luerat
838 1449 881 1501 er
907 1427 1107 1502 eonoubina
1132 1428 1287 1519 genitus.
1317 1428 1506 1502 Masinissa

400 1611 411 1636 r
443 1559 588 1651 quidem
620 1557 790 1631 Romanis
818 1555 996 1628 maximus
1022 1572 1145 1645 regum
1173 1553 1388 1644 quibuscum
1422 1561 1507 1628 tune

444 1689 634 1756 tractarent
651 1698 791 1771 semper
810 1677 956 1750 babitus
975 1677 1107 1760 luerat,
1130 1676 1194 1748 sed
1212 1676 1365 1748 barbara
1385 1677 1507 1749 Numi·

444 1806 569 1879 darum
596 1824 682 1897 gens
708 1811 743 1877 et
768 1823 789 1875 a
814 1802 983 1875 Romanis
1007 1808 1042 1873 et
1067 1820 1089 1872 e
1115 1802 1245 1875 Graecis
1269 1801 1507 1875 nibilominus

443 1930 640 2004 dicebatur.
661 1931 778 2015 Quum
798 1934 916 1999 autem
936 1927 974 1997 in
996 1926 1140 1998 Oriente
1163 1927 1302 1998 Graecos
1322 1944 1422 2019 reges
1443 1927 1508 1998 llo·

445 2056 541 2128 mani
560 2055 737 2136 viderunt,
757 2069 910 2143 quorum
926 2051 1088 2142 plerique
1104 2058 1166 2123 aut
1180 2051 1374 2124 Alexandri
1392 2052 1507 2143 Magni

444 2186 507 2256 aut
526 2179 622 2252 Darii
643 2178 797 2270 Cyrique
821 2176 991 2260 heredes,
1018 2175 1198 2249 interdurn
1220 2176 1330 2269 Reges
1350 2177 1506 2268 Regum,

411 2392 417 2400 .
447 2303 680 2384 rotabantur,
699 2300 1035 2393 splendidissimum
1055 2299 1149 2372 Asiae
1168 2300 1382 2392 Graciaeque
1400 2300 1508 2373 decus

446 2446 517 2519 quo
530 2427 670 2518 generis
683 2425 853 2498 nobilitas
869 2431 903 2497 et
917 2423 1115 2515 priscarum
1131 2424 1383 2498 memoriarum
1399 2426 1510 2517 gloria

443 2552 639 2644 augebatur
658 2549 790 2632 mirati,
807 2567 918 2641 penes
933 2567 994 2622 eos
1014 2567 1132 2622 reram
1153 2548 1239 2640 regii
1257 2551 1417 2622 nominis
1438 2569 1509 2622 ma·

443 2680 608 2770 jestatem
621 2681 855 2766 agnoverunt,
867 2675 1039 2764 auxitque
1051 2673 1297 2758 reverentiam,
1310 2681 1371 2747 aul
1384 2674 1509 2747 saltem

446 2799 720 2892 indulgentiam,
748 2797 846 2889 quod
866 2797 1068 2890 praedivites
1089 2805 1190 2870 erant
1209 2804 1243 2870 et
1262 2797 1360 2890 quod
1379 2798 1511 2871 Graecia

447 2925 504 2998 eui
522 2922 801 2997 dominabantur
828 2940 911 2994 mor
936 2921 1105 2994 Romanis
1126 2922 1296 3013 magistra
1313 2923 1392 2996 luit.
1416 2925 1511 2996 luter

448 3069 539 3142 quos
554 3047 764 3131 Seleucida,
782 3046 936 3140 lagidae,
954 3047 1182 3132 Macedones,
1199 3048 1300 3121 laoile
1314 3050 1508 3142 principes

448 3175 521 3246 Hau
546 3173 676 3266 gloria,
699 3172 757 3245 bis
779 3173 961 3245 memoriis
980 3179 1173 3265 praelegere
1192 3174 1307 3264 potuit
1330 3174 1512 3266 Augustus

448 3297 570 3371 omnia
585 3316 666 3389 quae
685 3295 840 3390 (auotore
854 3296 976 3369 forsan
988 3294 1142 3391 Octavia)
1163 3296 1201 3370 in
1217 3298 1364 3370 Antonii
1380 3297 1511 3370 liberos
1527 3317 1529 3320 ·

449 3421 611 3496 eontulit.
634 3422 729 3492 Sane
748 3439 829 3510 quae
848 3439 958 3512 supra
977 3420 1052 3493 dixi
1071 3420 1116 3495 de
1135 3421 1241 3514 regiis
1261 3422 1457 3515 Cleopatrae
1474 3424 1511 3494 in

449 3545 667 3620 Mauretania
683 3545 827 3636 juribus
852 3545 1073 3619 conclamare
1098 3547 1187 3618 milri
1214 3546 1380 3621 ridentur
1402 3548 1512 3639 maio·

449 3690 523 3746 rem
543 3669 752 3763 dignitatem
772 3669 972 3743 Masinissae
991 3669 1114 3742 domui
1134 3672 1405 3745 Ptolemaeorum
1427 3691 1511 3744 san·

448 3799 556 3889 guine
581 3795 729 3869 illatam.
758 3795 897 3885 Ubique
922 3797 1018 3869 enim
1046 3795 1200 3868 vidimus
1231 3797 1380 3888 originis
1406 3798 1514 3888 hujus

449 3921 656 3994 memoriam
692 3920 815 3993 multis
851 3919 968 3992 modis
1005 3927 1222 4001 revocatam,
1252 3939 1370 4011 neque
1402 3921 1513 3994 luisse

450 4045 665 4125 eredendum
685 4051 739 4116 est
759 4045 846 4135 quia
867 4044 995 4118 Selene
1014 4037 1139 4134 patriae
1157 4061 1293 4118 memor
1317 4047 1395 4137 ejus
1415 4045 1511 4119 desi·

450 4171 549 4242 derio
577 4169 704 4241 solatia
730 4175 929 4258 quareret,
961 4187 1044 4240 nam
1069 4170 1255 4261 AEgyptum
1285 4167 1404 4242 iniens
1433 4169 1515 4242 rell·

450 4301 575 4390 querat
600 4312 787 4384 nunquam
814 4293 900 4367 illue
924 4311 1148 4384 regressum,
1178 4301 1212 4366 et
1239 4294 1360 4368 Rornae
1384 4301 1446 4367 aut
1475 4294 1514 4365 in
