3498 5324
731 617 892 681 ..93-

331 759 494 830 Ceterum
523 756 614 828 luba
641 756 738 847 quod
769 758 868 848 regni
896 757 1029 847 accepit
1059 755 1339 849 haudquaquam

275 880 370 954 idem
385 881 482 972 quod
498 879 697 954 Masinissae
708 882 823 953 iuerat
831 881 1048 954 credendum
1058 888 1124 954 est.
1140 883 1224 974 Ejus
1233 881 1339 967 lines,

276 1024 368 1097 quos
390 1005 513 1078 tabula
532 1005 730 1096 exprimere
752 1007 900 1078 minirne
920 983 1199 1089 dillicileloret,
1220 1014 1254 1079 et
1271 1014 1342 1080 sta-

276 1136 351 1202 tum
372 1137 550 1220 quatenus
571 1129 665 1202 sinet
685 1133 937 1203 memoriarum
954 1131 1129 1223 paucitas,
1147 1150 1338 1222 exponam.

325 1255 373 1326 ilc
392 1255 547 1346 primurn
575 1254 619 1326 de
646 1254 801 1336 finibus,
825 1274 916 1346 quos
944 1257 1031 1328 satis
1059 1256 1151 1329 bene
1178 1256 1341 1348 cognosci

277 1396 382 1470 posse
396 1378 539 1469 jndice,
563 1379 669 1451 modo
688 1380 804 1452 varios
822 1380 1000 1452 Numidici
1023 1380 1163 1471 imperii
1184 1399 1287 1453 casus
1308 1389 1343 1454 et

276 1511 387 1576 terras
403 1504 548 1594 qnando
569 1511 756 1596 occupatas
777 1505 922 1596 quando
942 1523 1068 1576 rursus
1089 1506 1242 1578 amissas
1261 1524 1342 1598 rap·

210 1609 213 1614 ¹
276 1629 339 1702 tim
359 1630 693 1702 memorareliceat.

324 1759 419 1827 Ann.
436 1771 469 1822 a.
486 1754 524 1824 C.
547 1756 612 1824 lit
630 1754 843 1845 Carthagine
857 1755 985 1835 deleta,
1004 1754 1122 1845 Scipio
1138 1756 1174 1826 in
1190 1756 1340 1828 lormarn

276 1879 466 1970 provinciae
497 1877 630 1968 redegit
661 1877 839 1968 quidquid
868 1886 1042 1951 terrarum
1074 1879 1217 1971 patebat
1247 1881 1342 1952 intra

276 2003 366 2075 lines
377 2003 725 2092 Carthaginiensium
744 2022 834 2094 quos
848 2004 1043 2076 novissime
1057 2004 1258 2078 habuerant
1273 2002 1337 2098 (l).

276 2130 426 2220 Reliqua
444 2129 578 2210 omnia,
600 2147 621 2197 a
641 2129 806 2200 Mulucha
826 2130 975 2199 llurnine
999 2129 1091 2202 inter
1110 2131 1251 2202 lllauros
1270 2132 1342 2203 Nu-

276 2253 464 2343 midasque
483 2253 617 2324 liuente
635 2252 680 2323 ad
703 2253 888 2324 Philaenon
909 2273 989 2324 aras
1006 2255 1100 2326 ultra
1119 2271 1209 2344 quas
1231 2256 1338 2346 Cyre·

275 2380 397 2461 naica,
424 2377 624 2450 Masinissa
651 2377 770 2453 luere.
800 2397 947 2450 romana
973 2381 1155 2470 provincia
1174 2381 1272 2454 haud
1291 2383 1341 2456 ita

276 2521 443 2595 magnum
464 2504 619 2593 spatium
641 2503 845 2584 obtinente,
869 2503 933 2574 sed
951 2504 1045 2575 intra
1063 2505 1290 2595 zeugitanam
1307 2514 1342 2580 et

276 2635 425 2698 tractum
446 2645 552 2717 quem
574 2627 723 2717 posthac
745 2627 930 2716 Byzacium
952 2628 1193 2700 vocitaverunt
1210 2631 1341 2702 consti·

275 2757 371 2834 tuta;
394 2759 428 2824 et
450 2769 571 2822 earum
598 2750 743 2840 quidem
769 2752 953 2842 regionum
975 2752 1087 2823 multa
1107 2753 1184 2824 loca
1206 2771 1267 2826 rex
1286 2773 1340 2825 ar·

274 2877 444 2968 ripuerat.
468 2877 582 2947 littus
601 2895 622 2946 a
643 2875 825 2946 Thabraca
845 2875 965 2947 insula
985 2882 1019 2949 et
1038 2878 1150 2948 Tusca
1170 2896 1275 2950 amne
1295 2878 1340 2949 ad

274 3001 429 3073 insulam
451 3000 634 3073 Cercinam
656 3000 901 3090 oppidumque
928 3002 1088 3082 Thenas,
1113 3019 1184 3091 quo
1205 3003 1243 3073 in
1266 3003 1340 3074 loeo

274 3125 523 3216 aCarthagine
543 3143 591 3194 rn.
612 3143 649 3214 p.
674 3143 774 3194 ccxvi
796 3122 952 3195 distante
972 3123 1080 3195 linem
1101 3124 1228 3196 habuit
1246 3125 1342 3197 losse

275 3250 380 3323 ducta
394 3249 487 3320 inter
506 3248 724 3341 provinciam
742 3255 776 3320 et
794 3265 907 3338 reges,
926 3250 1165 3320 Romanorum
1183 3257 1257 3323 erat
1273 3248 1338 3345 (T).

275 3377 375 3448 Intus
409 3381 528 3446 autern
563 3373 753 3447 Masinissa
787 3373 899 3444 multo
934 3374 1182 3464 Carthaginem
1218 3393 1340 3448 versus

276 3501 366 3574 lines
383 3518 467 3572 suos
484 3498 706 3578 dilataverat,
725 3517 835 3588 quum
855 3497 1023 3589 Bagrada
1036 3499 1153 3569 amnis
1171 3500 1340 3590 majorem

275 3633 410 3716 partem
433 3631 467 3698 et
491 3627 526 3692 τὸ
552 3627 663 3717 μακρὸν
690 3617 794 3690 celto
816 3630 1022 3715 oocuparet,
1044 3624 1095 3695 ita
1117 3631 1156 3695 ot
1176 3623 1341 3694 Thimida

276 3751 382 3842 Regia
394 3748 458 3844 (5),
471 3768 579 3842 quarn
595 3755 870 3840 cognomentum
880 3749 995 3840 arguit
1010 3768 1130 3842 regum
1146 3748 1340 3839 aliquando

307 4031 341 4096 p)
358 4027 432 4092 sau„
447 4034 516 4095 rep..
536 4034 571 4084 ro.

305 4120 339 4184 (2)
360 4119 439 4181 Prin„
455 4122 486 4170 ii.
502 4124 543 4181 N.,
561 4122 578 4171 l.
594 4135 632 4177 c.;
650 4121 729 4184 Ptol,
746 4120 792 4182 lv,
809 4125 832 4174 3.
849 4122 889 4184 at,
906 4137 929 4173 c.
945 4123 984 4173 28,

306 4209 641 4271 (ffistLhVfflssffi

308 4299 457 4349 decentiora
471 4298 581 4348 nominc
595 4312 604 4347 .·
619 4297 693 4351 Oued
709 4297 806 4351 Mlouia
817 4298 960 4361 ,Taharke.
973 4301 1048 4352 Oued
1062 4299 1172 4361 Becher,
1187 4297 1340 4362 Kerkcnah,

276 4383 503 4445 ilenehirssl'ineb,
521 4385 595 4438 Oued
611 4386 752 4452 Madiama,
768 4389 1065 4443 Sidi-Ali·es·Sediini.

437 4497 465 4540 B·
