<?xml version="1.0" encoding="UTF-8"?>
<!DOCTYPE html PUBLIC "-//W3C//DTD XHTML 1.0 Transitional//EN"
    "http://www.w3.org/TR/xhtml1/DTD/xhtml1-transitional.dtd">
<html xmlns="http://www.w3.org/1999/xhtml" xml:lang="en" lang="en">
 <head>
  <title>
</title>
<meta http-equiv="Content-Type" content="text/html;charset=utf-8" />
  <meta name='ocr-system' content='tesseract 3.04.00' />
  <meta name='ocr-capabilities' content='ocr_page ocr_carea ocr_par ocr_line ocrx_word'/>
</head>
<body>
  <div class='ocr_page' id='page_1' title='image "./deregejubaregis00blangoog_0073.png"; bbox 0 0 3498 5324; ppageno 0'>
   <div class='ocr_carea' id='block_1_1' title="bbox 898 546 1057 607">
    <p class='ocr_par' dir='ltr' id='par_1_1' title="bbox 898 546 1057 607">
     <span class='ocr_line' id='line_1_1' title="bbox 898 546 1057 607; baseline 0.006 -17"><span class='ocrx_word' id='word_1_1' title='bbox 898 546 1057 607; x_wconf 68' lang='lat'><strong>-62-</strong></span> 
     </span>
    </p>
   </div>
   <div class='ocr_carea' id='block_1_2' title="bbox 443 675 1621 776">
    <p class='ocr_par' dir='ltr' id='par_1_2' title="bbox 443 675 1621 776">
     <span class='ocr_line' id='line_1_2' title="bbox 443 675 1621 776; baseline -0.003 -18"><span class='ocrx_word' id='word_1_2' title='bbox 443 691 559 758; x_wconf 87' lang='lat' dir='ltr'><strong>cetera</strong></span> <span class='ocrx_word' id='word_1_3' title='bbox 579 683 777 776; x_wconf 79' lang='lat' dir='ltr'><strong>fragmenta</strong></span> <span class='ocrx_word' id='word_1_4' title='bbox 797 702 959 776; x_wconf 86' lang='lat' dir='ltr'><strong>quaerere</strong></span> <span class='ocrx_word' id='word_1_5' title='bbox 978 702 1052 756; x_wconf 94' lang='lat' dir='ltr'><strong>nou</strong></span> <span class='ocrx_word' id='word_1_6' title='bbox 1072 701 1279 757; x_wconf 88' lang='lat' dir='ltr'><strong>concessum</strong></span> <span class='ocrx_word' id='word_1_7' title='bbox 1298 680 1363 776; x_wconf 80' lang='lat' dir='ltr'><strong>est)</strong></span> <span class='ocrx_word' id='word_1_8' title='bbox 1381 684 1428 757; x_wconf 87' lang='lat' dir='ltr'><strong>ad</strong></span> <span class='ocrx_word' id='word_1_9' title='bbox 1441 683 1510 756; x_wconf 86' lang='lat' dir='ltr'><strong>ior·</strong></span> <span class='ocrx_word' id='word_1_10' title='bbox 1616 675 1621 684; x_wconf 86' lang='lat'>&#39;</span> 
     </span>
    </p>
   </div>
   <div class='ocr_carea' id='block_1_3' title="bbox 438 809 1508 1525">
    <p class='ocr_par' dir='ltr' id='par_1_3' title="bbox 440 809 793 882">
     <span class='ocr_line' id='line_1_3' title="bbox 440 809 793 882; baseline -0.006 0"><span class='ocrx_word' id='word_1_11' title='bbox 440 823 564 882; x_wconf 85' lang='lat' dir='ltr'><strong>necem</strong></span> <span class='ocrx_word' id='word_1_12' title='bbox 584 809 793 882; x_wconf 78' lang='lat' dir='ltr'><strong>ducebatur.</strong></span> 
     </span>
    </p>

    <p class='ocr_par' dir='ltr' id='par_1_4' title="bbox 438 913 1508 1525">
     <span class='ocr_line' id='line_1_4' title="bbox 489 913 1506 1024; baseline 0 -18"><span class='ocrx_word' id='word_1_13' title='bbox 489 937 552 1006; x_wconf 84' lang='lat' dir='ltr'><strong>Est</strong></span> <span class='ocrx_word' id='word_1_14' title='bbox 574 934 694 1006; x_wconf 90' lang='lat' dir='ltr'><strong>Venus</strong></span> <span class='ocrx_word' id='word_1_15' title='bbox 719 933 973 1016; x_wconf 84' lang='lat' dir='ltr'><strong>Caesariensis,</strong></span> <span class='ocrx_word' id='word_1_16' title='bbox 996 951 1093 1005; x_wconf 91' lang='lat' dir='ltr'><strong>nunc</strong></span> <span class='ocrx_word' id='word_1_17' title='bbox 1117 940 1151 1005; x_wconf 93' lang='lat' dir='ltr'><strong>et</strong></span> <span class='ocrx_word' id='word_1_18' title='bbox 1183 933 1262 1024; x_wconf 90' lang='lat' dir='ltr'><strong>ipsa</strong></span> <span class='ocrx_word' id='word_1_19' title='bbox 1288 913 1506 1018; x_wconf 85' lang='lat' dir='ltr'><strong>clarissima,</strong></span> 
     </span>
     <span class='ocr_line' id='line_1_5' title="bbox 439 1058 1508 1152; baseline -0.001 -20"><span class='ocrx_word' id='word_1_20' title='bbox 439 1061 581 1152; x_wconf 81' lang='lat' dir='ltr'><strong>inclytae</strong></span> <span class='ocrx_word' id='word_1_21' title='bbox 595 1058 760 1130; x_wconf 76' lang='lat' dir='ltr'><strong>Mediceae</strong></span> <span class='ocrx_word' id='word_1_22' title='bbox 774 1060 925 1130; x_wconf 87' lang='lat' dir='ltr'><strong>alterum</strong></span> <span class='ocrx_word' id='word_1_23' title='bbox 938 1059 1133 1150; x_wconf 82' lang='lat' dir='ltr'><strong>exemplar,</strong></span> <span class='ocrx_word' id='word_1_24' title='bbox 1153 1059 1250 1149; x_wconf 89' lang='lat' dir='ltr'><strong>quod</strong></span> <span class='ocrx_word' id='word_1_25' title='bbox 1262 1076 1409 1132; x_wconf 89' lang='lat' dir='ltr'><strong>manum</strong></span> <span class='ocrx_word' id='word_1_26' title='bbox 1426 1059 1508 1131; x_wconf 88' lang='lat' dir='ltr'><strong>doc·</strong></span> 
     </span>
     <span class='ocr_line' id='line_1_6' title="bbox 438 1182 1506 1275; baseline -0.004 -18"><span class='ocrx_word' id='word_1_27' title='bbox 438 1185 615 1258; x_wconf 88' lang='lat' dir='ltr'><strong>tissimam</strong></span> <span class='ocrx_word' id='word_1_28' title='bbox 640 1182 772 1274; x_wconf 80' lang='lat' dir='ltr'><strong>prodit.</strong></span> <span class='ocrx_word' id='word_1_29' title='bbox 799 1184 921 1273; x_wconf 88' lang='lat' dir='ltr'><strong>Neque</strong></span> <span class='ocrx_word' id='word_1_30' title='bbox 947 1183 1076 1255; x_wconf 90' lang='lat' dir='ltr'><strong>inutile</strong></span> <span class='ocrx_word' id='word_1_31' title='bbox 1103 1183 1171 1255; x_wconf 89' lang='lat' dir='ltr'><strong>erit</strong></span> <span class='ocrx_word' id='word_1_32' title='bbox 1195 1183 1242 1255; x_wconf 92' lang='lat' dir='ltr'><strong>ad</strong></span> <span class='ocrx_word' id='word_1_33' title='bbox 1269 1184 1506 1275; x_wconf 90' lang='lat' dir='ltr'><strong>ingenuarum</strong></span> 
     </span>
     <span class='ocr_line' id='line_1_7' title="bbox 439 1307 1508 1399; baseline 0 -19"><span class='ocrx_word' id='word_1_34' title='bbox 439 1310 568 1381; x_wconf 90' lang='lat' dir='ltr'><strong>artium</strong></span> <span class='ocrx_word' id='word_1_35' title='bbox 591 1326 654 1398; x_wconf 92' lang='lat' dir='ltr'><strong>per</strong></span> <span class='ocrx_word' id='word_1_36' title='bbox 678 1325 720 1379; x_wconf 91' lang='lat' dir='ltr'><strong>ea</strong></span> <span class='ocrx_word' id='word_1_37' title='bbox 745 1308 876 1379; x_wconf 89' lang='lat' dir='ltr'><strong>saecula</strong></span> <span class='ocrx_word' id='word_1_38' title='bbox 900 1307 1088 1379; x_wconf 72' lang='lat' dir='ltr'><strong>historiam</strong></span> <span class='ocrx_word' id='word_1_39' title='bbox 1113 1308 1396 1381; x_wconf 91' lang='lat' dir='ltr'><strong>animadvertere</strong></span> <span class='ocrx_word' id='word_1_40' title='bbox 1420 1327 1508 1399; x_wconf 87' lang='lat' dir='ltr'><strong>quo·</strong></span> 
     </span>
     <span class='ocr_line' id='line_1_8' title="bbox 439 1431 1507 1525; baseline 0.001 -19"><span class='ocrx_word' id='word_1_41' title='bbox 439 1434 545 1506; x_wconf 94' lang='lat' dir='ltr'><strong>modo</strong></span> <span class='ocrx_word' id='word_1_42' title='bbox 561 1433 705 1516; x_wconf 80' lang='lat' dir='ltr'><strong>artifex,</strong></span> <span class='ocrx_word' id='word_1_43' title='bbox 728 1431 813 1504; x_wconf 94' lang='lat' dir='ltr'><strong>dum</strong></span> <span class='ocrx_word' id='word_1_44' title='bbox 835 1432 965 1525; x_wconf 80' lang='lat' dir='ltr'><strong>scalpri</strong></span> <span class='ocrx_word' id='word_1_45' title='bbox 981 1433 1092 1506; x_wconf 89' lang='lat' dir='ltr'><strong>Graeci</strong></span> <span class='ocrx_word' id='word_1_46' title='bbox 1113 1433 1264 1506; x_wconf 92' lang='lat' dir='ltr'><strong>docilem</strong></span> <span class='ocrx_word' id='word_1_47' title='bbox 1280 1434 1507 1525; x_wconf 88' lang='lat' dir='ltr'><strong>viridemque</strong></span> 
     </span>
    </p>
   </div>
   <div class='ocr_carea' id='block_1_4' title="bbox 335 1556 1508 1650">
    <p class='ocr_par' dir='ltr' id='par_1_5' title="bbox 335 1556 1508 1650">
     <span class='ocr_line' id='line_1_9' title="bbox 335 1556 1508 1650; baseline 0.001 -19"><span class='ocrx_word' id='word_1_48' title='bbox 335 1576 339 1582; x_wconf 84' lang='grc'><strong>’</strong></span> <span class='ocrx_word' id='word_1_49' title='bbox 439 1558 547 1631; x_wconf 88' lang='lat' dir='ltr'><strong>simul</strong></span> <span class='ocrx_word' id='word_1_50' title='bbox 563 1556 791 1628; x_wconf 81' lang='lat' dir='ltr'><strong>dulcedinem</strong></span> <span class='ocrx_word' id='word_1_51' title='bbox 807 1558 1048 1628; x_wconf 83' lang='lat' dir='ltr'><strong>Romanorum</strong></span> <span class='ocrx_word' id='word_1_52' title='bbox 1069 1559 1291 1648; x_wconf 86' lang='lat' dir='ltr'><strong>temporibus</strong></span> <span class='ocrx_word' id='word_1_53' title='bbox 1307 1559 1508 1650; x_wconf 76' lang='lat' dir='ltr'><strong>saepissime</strong></span> 
     </span>
    </p>
   </div>
   <div class='ocr_carea' id='block_1_5' title="bbox 436 1680 1604 4139">
    <p class='ocr_par' dir='ltr' id='par_1_6' title="bbox 436 1680 1604 4139">
     <span class='ocr_line' id='line_1_10' title="bbox 438 1680 1505 1775; baseline 0.005 -23"><span class='ocrx_word' id='word_1_54' title='bbox 438 1701 503 1774; x_wconf 89' lang='lat' dir='ltr'><strong>pro</strong></span> <span class='ocrx_word' id='word_1_55' title='bbox 518 1682 674 1754; x_wconf 76' lang='lat' dir='ltr'><strong>siccitate</strong></span> <span class='ocrx_word' id='word_1_56' title='bbox 690 1687 724 1753; x_wconf 92' lang='lat' dir='ltr'><strong>et</strong></span> <span class='ocrx_word' id='word_1_57' title='bbox 739 1680 918 1771; x_wconf 85' lang='lat' dir='ltr'><strong>rigiditate</strong></span> <span class='ocrx_word' id='word_1_58' title='bbox 936 1688 1108 1764; x_wconf 89' lang='lat' dir='ltr'><strong>mutatam</strong></span> <span class='ocrx_word' id='word_1_59' title='bbox 1129 1683 1245 1754; x_wconf 90' lang='lat' dir='ltr'><strong>acrius</strong></span> <span class='ocrx_word' id='word_1_60' title='bbox 1260 1683 1505 1775; x_wconf 88' lang='lat' dir='ltr'><strong>persequitur,</strong></span> 
     </span>
     <span class='ocr_line' id='line_1_11' title="bbox 438 1804 1504 1890; baseline 0.003 -12"><span class='ocrx_word' id='word_1_61' title='bbox 438 1806 484 1878; x_wconf 92' lang='lat' dir='ltr'><strong>ad</strong></span> <span class='ocrx_word' id='word_1_62' title='bbox 511 1807 660 1878; x_wconf 89' lang='lat' dir='ltr'><strong>nimiam</strong></span> <span class='ocrx_word' id='word_1_63' title='bbox 687 1804 875 1877; x_wconf 90' lang='lat' dir='ltr'><strong>mollitiem</strong></span> <span class='ocrx_word' id='word_1_64' title='bbox 905 1806 1114 1890; x_wconf 87' lang='lat' dir='ltr'><strong>accesserit,</strong></span> <span class='ocrx_word' id='word_1_65' title='bbox 1136 1807 1329 1880; x_wconf 81' lang='lat' dir='ltr'><strong>formarum</strong></span> <span class='ocrx_word' id='word_1_66' title='bbox 1354 1807 1504 1882; x_wconf 91' lang='lat' dir='ltr'><strong>hebetu-</strong></span> 
     </span>
     <span class='ocr_line' id='line_1_12' title="bbox 438 1929 1507 2025; baseline 0.005 -23"><span class='ocrx_word' id='word_1_67' title='bbox 438 1929 523 2002; x_wconf 89' lang='lat' dir='ltr'><strong>dini·</strong></span> <span class='ocrx_word' id='word_1_68' title='bbox 538 1931 704 2002; x_wconf 86' lang='lat' dir='ltr'><strong>vicinam.</strong></span> <span class='ocrx_word' id='word_1_69' title='bbox 735 1931 978 2003; x_wconf 83' lang='lat' dir='ltr'><strong>Nihilominus</strong></span> <span class='ocrx_word' id='word_1_70' title='bbox 1002 1932 1096 2006; x_wconf 92' lang='lat' dir='ltr'><strong>inter</strong></span> <span class='ocrx_word' id='word_1_71' title='bbox 1119 1933 1215 2004; x_wconf 91' lang='lat' dir='ltr'><strong>hona</strong></span> <span class='ocrx_word' id='word_1_72' title='bbox 1238 1934 1325 2006; x_wconf 90' lang='lat' dir='ltr'><strong>artis</strong></span> <span class='ocrx_word' id='word_1_73' title='bbox 1348 1933 1507 2025; x_wconf 85' lang='lat' dir='ltr'><strong>autiquae</strong></span> 
     </span>
     <span class='ocr_line' id='line_1_13' title="bbox 437 2054 1507 2150; baseline 0.003 -24"><span class='ocrx_word' id='word_1_74' title='bbox 437 2054 635 2146; x_wconf 82' lang='lat' dir='ltr'><strong>fragmenta</strong></span> <span class='ocrx_word' id='word_1_75' title='bbox 655 2055 890 2127; x_wconf 85' lang='lat' dir='ltr'><strong>Caesariensis</strong></span> <span class='ocrx_word' id='word_1_76' title='bbox 909 2056 1029 2128; x_wconf 90' lang='lat' dir='ltr'><strong>Venus</strong></span> <span class='ocrx_word' id='word_1_77' title='bbox 1049 2057 1165 2129; x_wconf 91' lang='lat' dir='ltr'><strong>locum</strong></span> <span class='ocrx_word' id='word_1_78' title='bbox 1190 2057 1260 2130; x_wconf 88' lang='lat' dir='ltr'><strong>sihi</strong></span> <span class='ocrx_word' id='word_1_79' title='bbox 1285 2058 1419 2150; x_wconf 89' lang='lat' dir='ltr'><strong>poscit,</strong></span> <span class='ocrx_word' id='word_1_80' title='bbox 1442 2076 1507 2130; x_wconf 92' lang='lat' dir='ltr'><strong>nec</strong></span> 
     </span>
     <span class='ocr_line' id='line_1_14' title="bbox 436 2178 1508 2271; baseline 0.004 -21"><span class='ocrx_word' id='word_1_81' title='bbox 436 2179 623 2270; x_wconf 87' lang='lat' dir='ltr'><strong>pulchrius</strong></span> <span class='ocrx_word' id='word_1_82' title='bbox 642 2178 742 2250; x_wconf 87' lang='lat' dir='ltr'><strong>eliud</strong></span> <span class='ocrx_word' id='word_1_83' title='bbox 762 2179 920 2250; x_wconf 91' lang='lat' dir='ltr'><strong>innotuit</strong></span> <span class='ocrx_word' id='word_1_84' title='bbox 939 2180 978 2250; x_wconf 93' lang='lat' dir='ltr'><strong>in</strong></span> <span class='ocrx_word' id='word_1_85' title='bbox 996 2179 1171 2252; x_wconf 84' lang='lat' dir='ltr'><strong>hirioanis</strong></span> <span class='ocrx_word' id='word_1_86' title='bbox 1191 2181 1397 2271; x_wconf 90' lang='lat' dir='ltr'><strong>provinciis.</strong></span> <span class='ocrx_word' id='word_1_87' title='bbox 1415 2184 1508 2254; x_wconf 91' lang='lat' dir='ltr'><strong>Sunt</strong></span> 
     </span>
     <span class='ocr_line' id='line_1_15' title="bbox 438 2303 1507 2397; baseline 0.001 -22"><span class='ocrx_word' id='word_1_88' title='bbox 438 2303 544 2375; x_wconf 87' lang='lat' dir='ltr'><strong>etiam</strong></span> <span class='ocrx_word' id='word_1_89' title='bbox 565 2303 669 2374; x_wconf 90' lang='lat' dir='ltr'><strong>lcosii</strong></span> <span class='ocrx_word' id='word_1_90' title='bbox 687 2304 871 2394; x_wconf 83' lang='lat' dir='ltr'><strong>exemplar</strong></span> <span class='ocrx_word' id='word_1_91' title='bbox 891 2305 1004 2374; x_wconf 87' lang='lat' dir='ltr'><strong>Fauni</strong></span> <span class='ocrx_word' id='word_1_92' title='bbox 1026 2323 1106 2375; x_wconf 93' lang='lat' dir='ltr'><strong>cum</strong></span> <span class='ocrx_word' id='word_1_93' title='bbox 1126 2306 1438 2397; x_wconf 85' lang='lat' dir='ltr'><strong>Hermaphrodito,</strong></span> <span class='ocrx_word' id='word_1_94' title='bbox 1459 2305 1507 2377; x_wconf 92' lang='lat' dir='ltr'><strong>si·</strong></span> 
     </span>
     <span class='ocr_line' id='line_1_16' title="bbox 437 2425 1604 2521; baseline 0.005 -23"><span class='ocrx_word' id='word_1_95' title='bbox 437 2425 523 2498; x_wconf 92' lang='lat' dir='ltr'><strong>mile</strong></span> <span class='ocrx_word' id='word_1_96' title='bbox 544 2427 725 2511; x_wconf 86' lang='lat' dir='ltr'><strong>Parisino,</strong></span> <span class='ocrx_word' id='word_1_97' title='bbox 743 2434 778 2498; x_wconf 91' lang='lat' dir='ltr'><strong>et</strong></span> <span class='ocrx_word' id='word_1_98' title='bbox 796 2428 947 2499; x_wconf 89' lang='lat' dir='ltr'><strong>alterum</strong></span> <span class='ocrx_word' id='word_1_99' title='bbox 968 2428 1152 2501; x_wconf 86' lang='lat' dir='ltr'><strong>Caesareae.</strong></span> <span class='ocrx_word' id='word_1_100' title='bbox 1171 2430 1342 2503; x_wconf 87' lang='lat' dir='ltr'><strong>Caesareae</strong></span> <span class='ocrx_word' id='word_1_101' title='bbox 1362 2448 1507 2521; x_wconf 88' lang='lat' dir='ltr'><strong>quoque</strong></span> <span class='ocrx_word' id='word_1_102' title='bbox 1601 2497 1604 2504; x_wconf 83' lang='lat'>.</span> 
     </span>
     <span class='ocr_line' id='line_1_17' title="bbox 437 2551 1505 2642; baseline 0.002 -19"><span class='ocrx_word' id='word_1_103' title='bbox 437 2551 552 2623; x_wconf 88' lang='lat' dir='ltr'><strong>Diana</strong></span> <span class='ocrx_word' id='word_1_104' title='bbox 572 2570 718 2624; x_wconf 90' lang='lat' dir='ltr'><strong>currens</strong></span> <span class='ocrx_word' id='word_1_105' title='bbox 739 2569 817 2622; x_wconf 93' lang='lat' dir='ltr'><strong>oum</strong></span> <span class='ocrx_word' id='word_1_106' title='bbox 839 2569 958 2634; x_wconf 92' lang='lat' dir='ltr'><strong>cerva,</strong></span> <span class='ocrx_word' id='word_1_107' title='bbox 988 2570 1068 2642; x_wconf 87' lang='lat' dir='ltr'><strong>quae</strong></span> <span class='ocrx_word' id='word_1_108' title='bbox 1097 2552 1322 2624; x_wconf 92' lang='lat' dir='ltr'><strong>notissimam</strong></span> <span class='ocrx_word' id='word_1_109' title='bbox 1351 2561 1505 2626; x_wconf 85' lang='lat' dir='ltr'><strong>statuam</strong></span> 
     </span>
     <span class='ocr_line' id='line_1_18' title="bbox 437 2675 1506 2768; baseline 0.004 -22"><span class='ocrx_word' id='word_1_110' title='bbox 437 2694 510 2747; x_wconf 91' lang='lat' dir='ltr'><strong>non</strong></span> <span class='ocrx_word' id='word_1_111' title='bbox 529 2675 666 2767; x_wconf 80' lang='lat' dir='ltr'><strong>egregie</strong></span> <span class='ocrx_word' id='word_1_112' title='bbox 683 2675 831 2765; x_wconf 90' lang='lat' dir='ltr'><strong>repetit,</strong></span> <span class='ocrx_word' id='word_1_113' title='bbox 853 2681 887 2746; x_wconf 93' lang='lat' dir='ltr'><strong>et</strong></span> <span class='ocrx_word' id='word_1_114' title='bbox 906 2675 1026 2746; x_wconf 90' lang='lat' dir='ltr'><strong>Venus</strong></span> <span class='ocrx_word' id='word_1_115' title='bbox 1045 2694 1119 2746; x_wconf 91' lang='lat' dir='ltr'><strong>una</strong></span> <span class='ocrx_word' id='word_1_116' title='bbox 1138 2693 1181 2747; x_wconf 82' lang='lat' dir='ltr'><strong>ex</strong></span> <span class='ocrx_word' id='word_1_117' title='bbox 1201 2676 1246 2748; x_wconf 93' lang='lat' dir='ltr'><strong>iis</strong></span> <span class='ocrx_word' id='word_1_118' title='bbox 1266 2696 1347 2767; x_wconf 84' lang='lat' dir='ltr'><strong>quae</strong></span> <span class='ocrx_word' id='word_1_119' title='bbox 1364 2677 1506 2768; x_wconf 89' lang='lat' dir='ltr'><strong>pudicae</strong></span> 
     </span>
     <span class='ocr_line' id='line_1_19' title="bbox 438 2799 1507 2898; baseline 0 -25"><span class='ocrx_word' id='word_1_120' title='bbox 438 2801 678 2892; x_wconf 90' lang='lat' dir='ltr'><strong>appellantur,</strong></span> <span class='ocrx_word' id='word_1_121' title='bbox 698 2799 870 2898; x_wconf 92' lang='lat' dir='ltr'><strong>delphino</strong></span> <span class='ocrx_word' id='word_1_122' title='bbox 887 2801 1065 2890; x_wconf 87' lang='lat' dir='ltr'><strong>apposito.</strong></span> <span class='ocrx_word' id='word_1_123' title='bbox 1083 2803 1272 2892; x_wconf 82' lang='lat' dir='ltr'><strong>Exemplar</strong></span> <span class='ocrx_word' id='word_1_124' title='bbox 1288 2819 1431 2893; x_wconf 88' lang='lat' dir='ltr'><strong>quoque</strong></span> <span class='ocrx_word' id='word_1_125' title='bbox 1447 2802 1507 2874; x_wconf 93' lang='lat' dir='ltr'><strong>hic</strong></span> 
     </span>
     <span class='ocr_line' id='line_1_20' title="bbox 438 2923 1506 3028; baseline -0.001 -31"><span class='ocrx_word' id='word_1_126' title='bbox 438 2924 540 2997; x_wconf 88' lang='lat' dir='ltr'><strong>adest</strong></span> <span class='ocrx_word' id='word_1_127' title='bbox 570 2924 704 2995; x_wconf 88' lang='lat' dir='ltr'><strong>nobilis</strong></span> <span class='ocrx_word' id='word_1_128' title='bbox 735 2923 834 2994; x_wconf 91' lang='lat' dir='ltr'><strong>illius</strong></span> <span class='ocrx_word' id='word_1_129' title='bbox 867 2923 1060 3028; x_wconf 83' lang='lat' dir='ltr'><strong>Capitolini</strong></span> <span class='ocrx_word' id='word_1_130' title='bbox 1089 2925 1170 2998; x_wconf 90' lang='lat' dir='ltr'><strong>aeris</strong></span> <span class='ocrx_word' id='word_1_131' title='bbox 1196 2926 1242 2997; x_wconf 90' lang='lat' dir='ltr'><strong>ah</strong></span> <span class='ocrx_word' id='word_1_132' title='bbox 1270 2925 1367 2998; x_wconf 89' lang='lat' dir='ltr'><strong>ltalis</strong></span> <span class='ocrx_word' id='word_1_133' title='bbox 1393 2925 1506 2998; x_wconf 87' lang='lat' dir='ltr'><strong>vocati</strong></span> 
     </span>
     <span class='ocr_line' id='line_1_21' title="bbox 442 3045 1505 3143; baseline 0.005 -26"><span class='ocrx_word' id='word_1_134' title='bbox 442 3046 597 3132; x_wconf 61' lang='lat' dir='ltr'><strong>Marcie,</strong></span> <span class='ocrx_word' id='word_1_135' title='bbox 619 3067 640 3119; x_wconf 88' lang='lat' dir='ltr'><strong>a</strong></span> <span class='ocrx_word' id='word_1_136' title='bbox 659 3047 769 3119; x_wconf 88' lang='lat' dir='ltr'><strong>Gallis</strong></span> <span class='ocrx_word' id='word_1_137' title='bbox 789 3045 840 3118; x_wconf 86' lang='lat' dir='ltr'><strong>Le</strong></span> <span class='ocrx_word' id='word_1_138' title='bbox 859 3045 992 3117; x_wconf 60' lang='grc' dir='ltr'><strong>Τένθην</strong></span> <span class='ocrx_word' id='word_1_139' title='bbox 1010 3048 1185 3143; x_wconf 51' lang='lat' dir='ltr'><strong>depictam</strong></span> <span class='ocrx_word' id='word_1_140' title='bbox 1202 3049 1266 3122; x_wconf 87' lang='lat' dir='ltr'><strong>sed</strong></span> <span class='ocrx_word' id='word_1_141' title='bbox 1286 3049 1505 3124; x_wconf 85' lang='lat' dir='ltr'><strong>Caesariense</strong></span> 
     </span>
     <span class='ocr_line' id='line_1_22' title="bbox 439 3172 1505 3264; baseline 0.004 -22"><span class='ocrx_word' id='word_1_142' title='bbox 439 3172 616 3256; x_wconf 89' lang='lat' dir='ltr'><strong>Parisino,</strong></span> <span class='ocrx_word' id='word_1_143' title='bbox 639 3190 846 3264; x_wconf 87' lang='lat' dir='ltr'><strong>quenquam</strong></span> <span class='ocrx_word' id='word_1_144' title='bbox 867 3174 1008 3258; x_wconf 90' lang='lat' dir='ltr'><strong>mutilo,</strong></span> <span class='ocrx_word' id='word_1_145' title='bbox 1031 3180 1170 3246; x_wconf 88' lang='lat' dir='ltr'><strong>tantum</strong></span> <span class='ocrx_word' id='word_1_146' title='bbox 1190 3175 1282 3248; x_wconf 91' lang='lat' dir='ltr'><strong>cedit</strong></span> <span class='ocrx_word' id='word_1_147' title='bbox 1297 3183 1336 3248; x_wconf 95' lang='lat' dir='ltr'><strong>ut</strong></span> <span class='ocrx_word' id='word_1_148' title='bbox 1351 3194 1396 3247; x_wconf 92' lang='lat' dir='ltr'><strong>ne</strong></span> <span class='ocrx_word' id='word_1_149' title='bbox 1407 3175 1505 3264; x_wconf 89' lang='lat' dir='ltr'><strong>justa</strong></span> 
     </span>
     <span class='ocr_line' id='line_1_23' title="bbox 439 3295 1504 3390; baseline 0.003 -23"><span class='ocrx_word' id='word_1_150' title='bbox 439 3295 587 3387; x_wconf 84' lang='lat' dir='ltr'><strong>quidem</strong></span> <span class='ocrx_word' id='word_1_151' title='bbox 607 3297 730 3388; x_wconf 84' lang='lat' dir='ltr'><strong>figurae</strong></span> <span class='ocrx_word' id='word_1_152' title='bbox 755 3297 918 3389; x_wconf 90' lang='lat' dir='ltr'><strong>repetitio</strong></span> <span class='ocrx_word' id='word_1_153' title='bbox 944 3298 1003 3369; x_wconf 90' lang='lat' dir='ltr'><strong>sit.</strong></span> <span class='ocrx_word' id='word_1_154' title='bbox 1033 3297 1148 3370; x_wconf 87' lang='lat' dir='ltr'><strong>Facile</strong></span> <span class='ocrx_word' id='word_1_155' title='bbox 1171 3316 1315 3390; x_wconf 84' lang='lat' dir='ltr'><strong>quoque</strong></span> <span class='ocrx_word' id='word_1_156' title='bbox 1338 3305 1504 3372; x_wconf 87' lang='lat' dir='ltr'><strong>uotorum</strong></span> 
     </span>
     <span class='ocr_line' id='line_1_24' title="bbox 437 3421 1505 3515; baseline 0.002 -23"><span class='ocrx_word' id='word_1_157' title='bbox 437 3421 534 3513; x_wconf 93' lang='lat' dir='ltr'><strong>apud</strong></span> <span class='ocrx_word' id='word_1_158' title='bbox 553 3422 722 3513; x_wconf 88' lang='lat' dir='ltr'><strong>antiquos</strong></span> <span class='ocrx_word' id='word_1_159' title='bbox 739 3440 886 3513; x_wconf 92' lang='lat' dir='ltr'><strong>operum</strong></span> <span class='ocrx_word' id='word_1_160' title='bbox 906 3422 1124 3514; x_wconf 81' lang='lat' dir='ltr'><strong>exemplaria</strong></span> <span class='ocrx_word' id='word_1_161' title='bbox 1140 3430 1244 3496; x_wconf 89' lang='lat' dir='ltr'><strong>erunt</strong></span> <span class='ocrx_word' id='word_1_162' title='bbox 1259 3424 1375 3496; x_wconf 89' lang='lat' dir='ltr'><strong>Pallas</strong></span> <span class='ocrx_word' id='word_1_163' title='bbox 1391 3423 1505 3515; x_wconf 90' lang='lat' dir='ltr'><strong>aegida</strong></span> 
     </span>
     <span class='ocr_line' id='line_1_25' title="bbox 437 3543 1504 3642; baseline 0.001 -25"><span class='ocrx_word' id='word_1_164' title='bbox 437 3547 476 3617; x_wconf 93' lang='lat' dir='ltr'><strong>in</strong></span> <span class='ocrx_word' id='word_1_165' title='bbox 500 3547 647 3618; x_wconf 92' lang='lat' dir='ltr'><strong>modum</strong></span> <span class='ocrx_word' id='word_1_166' title='bbox 673 3547 762 3618; x_wconf 88' lang='lat' dir='ltr'><strong>alias</strong></span> <span class='ocrx_word' id='word_1_167' title='bbox 789 3566 909 3619; x_wconf 89' lang='lat' dir='ltr'><strong>rarum</strong></span> <span class='ocrx_word' id='word_1_168' title='bbox 936 3566 1062 3639; x_wconf 92' lang='lat' dir='ltr'><strong>gerens</strong></span> <span class='ocrx_word' id='word_1_169' title='bbox 1094 3543 1158 3642; x_wconf 83' lang='lat' dir='ltr'><strong>(l),</strong></span> <span class='ocrx_word' id='word_1_170' title='bbox 1188 3549 1332 3620; x_wconf 84' lang='lat' dir='ltr'><strong>Faunus</strong></span> <span class='ocrx_word' id='word_1_171' title='bbox 1358 3565 1504 3620; x_wconf 90' lang='lat' dir='ltr'><strong>currens</strong></span> 
     </span>
     <span class='ocr_line' id='line_1_26' title="bbox 437 3671 1504 3762; baseline -0.001 -19"><span class='ocrx_word' id='word_1_172' title='bbox 437 3689 517 3743; x_wconf 89' lang='lat' dir='ltr'><strong>cum</strong></span> <span class='ocrx_word' id='word_1_173' title='bbox 537 3672 728 3762; x_wconf 87' lang='lat' dir='ltr'><strong>panthera,</strong></span> <span class='ocrx_word' id='word_1_174' title='bbox 752 3678 786 3744; x_wconf 91' lang='lat' dir='ltr'><strong>et</strong></span> <span class='ocrx_word' id='word_1_175' title='bbox 805 3672 919 3743; x_wconf 88' lang='lat' dir='ltr'><strong>Diana</strong></span> <span class='ocrx_word' id='word_1_176' title='bbox 939 3673 1103 3762; x_wconf 88' lang='lat' dir='ltr'><strong>quaedam</strong></span> <span class='ocrx_word' id='word_1_177' title='bbox 1125 3673 1264 3745; x_wconf 87' lang='lat' dir='ltr'><strong>vestita.</strong></span> <span class='ocrx_word' id='word_1_178' title='bbox 1285 3675 1336 3744; x_wconf 82' lang='lat' dir='ltr'><strong>Ex</strong></span> <span class='ocrx_word' id='word_1_179' title='bbox 1359 3671 1405 3744; x_wconf 93' lang='lat' dir='ltr'><strong>iis</strong></span> <span class='ocrx_word' id='word_1_180' title='bbox 1429 3690 1504 3744; x_wconf 92' lang='lat' dir='ltr'><strong>om·</strong></span> 
     </span>
     <span class='ocr_line' id='line_1_27' title="bbox 437 3795 1503 3888; baseline 0.002 -22"><span class='ocrx_word' id='word_1_181' title='bbox 437 3796 546 3868; x_wconf 83' lang='lat' dir='ltr'><strong>nibus</strong></span> <span class='ocrx_word' id='word_1_182' title='bbox 567 3798 724 3869; x_wconf 91' lang='lat' dir='ltr'><strong>cernitur</strong></span> <span class='ocrx_word' id='word_1_183' title='bbox 741 3796 869 3869; x_wconf 85' lang='lat' dir='ltr'><strong>luham</strong></span> <span class='ocrx_word' id='word_1_184' title='bbox 896 3797 1041 3888; x_wconf 89' lang='lat' dir='ltr'><strong>quidem</strong></span> <span class='ocrx_word' id='word_1_185' title='bbox 1064 3797 1214 3869; x_wconf 92' lang='lat' dir='ltr'><strong>consilio</strong></span> <span class='ocrx_word' id='word_1_186' title='bbox 1236 3795 1503 3869; x_wconf 82' lang='lat' dir='ltr'><strong>nobilissimum</strong></span> 
     </span>
     <span class='ocr_line' id='line_1_28' title="bbox 438 3921 1501 4015; baseline -0.001 -22"><span class='ocrx_word' id='word_1_187' title='bbox 438 3921 608 4013; x_wconf 88' lang='lat' dir='ltr'><strong>quodque</strong></span> <span class='ocrx_word' id='word_1_188' title='bbox 626 3941 716 4014; x_wconf 90' lang='lat' dir='ltr'><strong>opus</strong></span> <span class='ocrx_word' id='word_1_189' title='bbox 737 3922 776 3994; x_wconf 94' lang='lat' dir='ltr'><strong>in</strong></span> <span class='ocrx_word' id='word_1_190' title='bbox 796 3924 892 4015; x_wconf 91' lang='lat' dir='ltr'><strong>regia</strong></span> <span class='ocrx_word' id='word_1_191' title='bbox 911 3942 977 3995; x_wconf 87' lang='lat' dir='ltr'><strong>sua</strong></span> <span class='ocrx_word' id='word_1_192' title='bbox 995 3922 1185 4015; x_wconf 90' lang='lat' dir='ltr'><strong>repetitum</strong></span> <span class='ocrx_word' id='word_1_193' title='bbox 1205 3921 1399 3996; x_wconf 82' lang='lat' dir='ltr'><strong>exhibendi</strong></span> <span class='ocrx_word' id='word_1_194' title='bbox 1423 3922 1501 3993; x_wconf 89' lang='lat' dir='ltr'><strong>lau-</strong></span> 
     </span>
     <span class='ocr_line' id='line_1_29' title="bbox 437 4043 1503 4139; baseline 0 -21"><span class='ocrx_word' id='word_1_195' title='bbox 437 4043 603 4120; x_wconf 82' lang='lat' dir='ltr'><strong>dabiliter</strong></span> <span class='ocrx_word' id='word_1_196' title='bbox 623 4047 823 4132; x_wconf 90' lang='lat' dir='ltr'><strong>studuisse,</strong></span> <span class='ocrx_word' id='word_1_197' title='bbox 845 4065 919 4119; x_wconf 95' lang='lat' dir='ltr'><strong>non</strong></span> <span class='ocrx_word' id='word_1_198' title='bbox 938 4053 1056 4121; x_wconf 90' lang='lat' dir='ltr'><strong>autem</strong></span> <span class='ocrx_word' id='word_1_199' title='bbox 1078 4065 1219 4139; x_wconf 91' lang='lat' dir='ltr'><strong>semper</strong></span> <span class='ocrx_word' id='word_1_200' title='bbox 1237 4047 1283 4121; x_wconf 88' lang='lat' dir='ltr'><strong>ah</strong></span> <span class='ocrx_word' id='word_1_201' title='bbox 1301 4045 1503 4120; x_wconf 86' lang='lat' dir='ltr'><strong>artificibus</strong></span> 
     </span>
    </p>
   </div>
   <div class='ocr_carea' id='block_1_6' title="bbox 468 4298 1144 4370">
    <p class='ocr_par' dir='ltr' id='par_1_7' title="bbox 468 4298 1144 4370">
     <span class='ocr_line' id='line_1_30' title="bbox 468 4298 1144 4370; baseline 0.013 -21"><span class='ocrx_word' id='word_1_202' title='bbox 468 4299 502 4364; x_wconf 82' lang='lat' dir='ltr'><strong>(l)</strong></span> <span class='ocrx_word' id='word_1_203' title='bbox 521 4299 554 4350; x_wconf 89' lang='grc' dir='ltr'><strong>Η.</strong></span> <span class='ocrx_word' id='word_1_204' title='bbox 571 4300 604 4350; x_wconf 89' lang='lat' dir='ltr'><strong>de</strong></span> <span class='ocrx_word' id='word_1_205' title='bbox 622 4298 770 4362; x_wconf 80' lang='lat' dir='ltr'><strong>Villelosse,</strong></span> <span class='ocrx_word' id='word_1_206' title='bbox 781 4302 888 4352; x_wconf 81' lang='lat' dir='ltr'><strong>llirrion</strong></span> <span class='ocrx_word' id='word_1_207' title='bbox 901 4317 933 4354; x_wconf 78' lang='lat' dir='ltr'><strong>ert</strong></span> <span class='ocrx_word' id='word_1_208' title='bbox 945 4303 1053 4368; x_wconf 68' lang='lat' dir='ltr'><strong>otperto,</strong></span> <span class='ocrx_word' id='word_1_209' title='bbox 1065 4321 1091 4370; x_wconf 91' lang='lat' dir='ltr'><strong>p.</strong></span> <span class='ocrx_word' id='word_1_210' title='bbox 1107 4301 1144 4358; x_wconf 72' lang='lat' dir='ltr'><strong>la</strong></span> 
     </span>
    </p>
   </div>
   <div class='ocr_carea' id='block_1_7' title="bbox 0 0 1754 5324">
    <p class='ocr_par' dir='ltr' id='par_1_8' title="bbox 0 0 1754 5324">
     <span class='ocr_line' id='line_1_31' title="bbox 0 0 1754 5324; baseline 0 1"><span class='ocrx_word' id='word_1_211' title='bbox 0 0 1754 5324; x_wconf 95' lang='lat' dir='ltr'><strong> </strong></span> 
     </span>
    </p>
   </div>
  </div>
 </body>
</html>
