3498 5324
715 602 876 664 ..27-

261 745 357 817 Nove
381 741 564 834 provincia
582 761 603 813 a
622 742 762 814 Caesare
785 742 979 814 constituta
996 740 1165 814 Numidia
1186 741 1231 813 ab
1251 739 1324 814 du·

260 875 363 958 gusto
382 867 483 940 lubae
506 865 646 939 reddita
665 865 860 957 quaerenda
877 868 936 938 sit.

308 994 349 1064 ln
368 992 430 1064 illo
450 997 609 1081 tempore
628 991 848 1063 Mauretania
866 991 905 1062 in
936 992 1176 1063 Romanorum
1207 993 1321 1065 mani-

259 1117 327 1188 bus
348 1116 568 1188 vcrsabatur.
591 1115 728 1187 Mortuo
744 1116 880 1188 Boccho
900 1123 961 1189 aut
976 1114 1055 1188 sine
1069 1116 1169 1206 prole
1187 1124 1249 1188 aut
1261 1135 1325 1208 per

259 1246 512 1313 testamentum
551 1242 684 1332 populo
731 1258 879 1312 romano
911 1240 950 1311 in
988 1239 1219 1314 hereditatem
1254 1262 1321 1340 ¹vo-

259 1369 352 1443 cato,
383 1363 531 1434 Romani
562 1364 817 1436 Mauretaniam
850 1364 889 1435 in
916 1364 1105 1436 formulam
1133 1365 1325 1454 provinciae

258 1503 340 1558 non·
352 1485 578 1577 redegerant,
601 1486 665 1559 sed
691 1504 754 1577 per
777 1487 961 1578 praefectos
980 1494 1020 1558 ut
1042 1485 1181 1559 videtur
1205 1486 1320 1560 admi-

257 1608 473 1693 nistrabant,
503 1616 537 1682 et
561 1608 742 1701 Augustus
770 1617 851 1701 post
869 1609 1004 1682 bellurn
1026 1608 1205 1682 Actiacum
1231 1611 1323 1684 colo·

258 1733 338 1806 nias
353 1752 426 1807 non
447 1734 567 1806 minus
588 1733 754 1806 undecim
779 1735 836 1807 bis
860 1734 1023 1826 partibus
1043 1733 1236 1807 destinavit
1254 1732 1320 1828 (l).

258 1857 408 1930 Reddita
427 1860 528 1932 lubae
541 1859 721 1943 Numidia,
740 1859 828 1951 quid
846 1859 891 1932 de
906 1859 1156 1933 Cirtbensibus
1171 1858 1322 1932 coloniis

258 1989 452 2066 statutum,
481 1983 660 2056 fuerintne
692 1984 761 2057 sub
793 1984 968 2076 praelectis
1000 1983 1229 2058 Mauretania
1261 1989 1323 2056 aut

257 2106 383 2180 Africae
401 2107 696 2199 proconsulibus,
719 2127 765 2180 an
787 2111 865 2200 ipse
888 2128 949 2181 rex
973 2109 1058 2181 civis
1078 2126 1248 2180 romanus
1276 2107 1321 2179 iis

257 2232 412 2322 praelecti
432 2234 509 2305 loco
529 2233 652 2318 fuerit,
670 2235 867 2324 ignoratur.
889 2232 965 2306 Nisi
986 2231 1125 2324 aliquid
1143 2231 1321 2323 ejusmodi

255 2357 373 2439 luerit,
394 2359 452 2429 vix
471 2377 553 2430 eum
573 2359 719 2446 circha,
740 2359 825 2432 aviti
845 2358 944 2451 regni
964 2376 1046 2450 quae
1068 2363 1174 2449 caput
1189 2357 1317 2440 iuerat,

256 2481 440 2556 habitasse
457 2484 656 2567 crederem,
678 2505 789 2576 quum
806 2484 942 2575 alioqui
957 2502 1003 2556 ne
1016 2485 1158 2555 Zamam
1174 2482 1319 2573 quidem

257 2615 441 2697 paternam
457 2609 578 2682 sedem
594 2610 755 2696 baberet,
773 2611 920 2683 mutatis
935 2611 980 2683 ab
995 2627 1038 2683 ea
1051 2616 1151 2701 parte
1168 2607 1316 2680 linibus

138 2812 142 2820 ,
192 2805 195 2812 ,
256 2733 332 2818 Qua
351 2734 610 2808 demutatione
629 2735 834 2809 dicendum.

304 2858 398 2931 dnn.
429 2880 462 2931 a.
499 2860 538 2932 C.
572 2863 632 2943 at,
659 2862 828 2935 Numidia
859 2862 985 2933 Alricae
1012 2859 1204 2952 provincia
1233 2875 1316 2948 pro·

255 2984 433 3056 consulari
456 2984 593 3075 adjecta
613 2987 728 3059 unicae
747 2989 785 3059 in
806 2987 891 3059 orbe
914 3004 1063 3057 romano
1086 3001 1152 3055 nec
1171 2981 1317 3053 alterius

254 3126 414 3198 unquam
434 3110 588 3200 exempli
608 3110 826 3183 conditionis
847 3129 954 3183 cansa
972 3109 1051 3182 luit.
1069 3107 1185 3178 libica
1205 3105 1314 3187 enim,

254 3232 331 3304 sola
362 3250 404 3304 en
439 3239 491 3305 tot
522 3233 714 3324 provinciis
744 3252 825 3325 quae
860 3233 1000 3306 senatui
1034 3239 1069 3305 ct
1097 3231 1229 3322 populo
1261 3248 1317 3300 ro-

254 3374 359 3429 mano
377 3356 690 3431 administrandae
728 3358 914 3449 permissae
947 3365 1073 3439 erant,
1100 3355 1314 3437 exercitum,

174 3460 175 3466 Ν
249 3481 323 3570 jam
343 3489 447 3554 antea
466 3482 505 3552 in
529 3483 696 3554 Numidia
721 3482 993 3563 consistentem,
1017 3479 1165 3562 habuit;
1189 3497 1317 3569 quum·

253 3623 323 3694 que
341 3607 462 3696 plures
485 3604 657 3680 dioeceses
677 3614 816 3691 essent,
840 3615 874 3679 et
897 3607 1125 3697 aliquatenus
1151 3603 1317 3676 dioecesis

251 3727 418 3801 Numidia
438 3748 500 3821 per
520 3748 559 3802 se
573 3729 651 3813 luit,
675 3750 786 3822 quum
807 3732 943 3823 legatus
963 3729 1095 3821 legioni
1115 3735 1149 3800 et
1171 3726 1315 3799 auxiliis

251 3854 465 3945 praepositus
503 3854 672 3927 omnibus
709 3855 796 3928 locis
831 3855 869 3926 in
910 3854 1042 3945 quibus
1082 3844 1317 3956 considebant

251 3977 383 4050 milites
420 3980 617 4053 secundum
652 3999 787 4054 morem
821 3988 1004 4072 praeesset.
1040 3978 1161 4051 Voluit
1196 3982 1315 4048 autem

251 4100 359 4173 Gaius
386 4102 581 4194 Imperator
604 4106 759 4197 legatum
786 4124 860 4178 non
891 4106 965 4198 jam
1000 4101 1225 4197 proconsulis
1252 4097 1316 4172 sed

278 4354 314 4422 (l)
331 4355 410 4417 Plin,
428 4357 459 4407 ll.
472 4360 513 4419 N.,
529 4356 561 4418 V,
577 4356 676 4414 lrvid.
688 4373 745 4428 cap.
759 4359 808 4411 111.
