3498 5324
869 585 1029 649 ..44-

420 728 565 823 guardia
587 733 800 801 roraverunt
818 724 883 821 (t),
907 733 1111 816 tentumque
1127 727 1172 798 iis
1188 727 1298 801 debat
1315 748 1359 801 ex
1375 749 1483 822 opere

422 854 626 946 caespiticio,
639 860 701 925 eut
712 852 888 944 congestis
900 851 1062 946 virgultis
1077 870 1158 942 quae
1172 852 1294 924 forsan
1309 855 1481 927 rusticum

420 980 459 1051 in
485 980 631 1052 modum
664 977 938 1069 compingebant
967 976 1257 1050 contexebantre.
1290 980 1482 1071 Pleraeque

421 1121 503 1175 area
525 1122 633 1194 parva
657 1100 872 1182 circumdem
899 1100 965 1172 riae
985 1100 1148 1183 deerant,
1171 1121 1254 1173 nam
1280 1105 1395 1194 spatio
1422 1123 1482 1195 pe·

420 1236 590 1319 rangusto
609 1228 764 1319 populus
781 1225 879 1297 haud
898 1225 1017 1296 tenuis
1038 1225 1209 1298 locandus
1231 1235 1327 1312 erat,
1348 1229 1482 1301 transi-

365 1429 375 1449 ,
421 1359 480 1423 tus
506 1351 551 1422 ab
578 1369 651 1423 una
677 1349 722 1421 ad
745 1351 893 1421 aiteram
918 1366 981 1438 per
1002 1355 1123 1438 portas
1147 1351 1365 1423 arctissimas
1392 1358 1479 1424 erat.

420 1480 525 1549 iuxta
539 1477 661 1548 multae
672 1475 789 1556 iussae,
802 1493 892 1565 quas
903 1472 991 1543 siros
1005 1471 1115 1567 (nuno
1126 1471 1216 1568 sitos)
1229 1475 1401 1548 rotabant
1416 1472 1481 1570 (ἢ),

421 1601 595 1673 servando
612 1601 790 1672 frumento
805 1597 1142 1688 abscondendisque
1157 1600 1264 1671 rebus
1279 1606 1384 1690 aptae.
1401 1601 1485 1672 Hae

421 1733 495 1797 erat
526 1724 747 1816 temporibus
782 1722 910 1814 pristis
944 1724 1146 1795 Maurorum
1180 1723 1324 1795 urbium
1359 1724 1480 1796 iacies.

417 1853 497 1924 Mox
517 1856 655 1933 autem,
677 1868 763 1939 paee
784 1867 847 1940 per
867 1847 1037 1938 majorem
1057 1866 1179 1938 regum
1199 1849 1322 1938 populi
1344 1849 1482 1920 romani

419 1975 597 2047 sotiorum
618 1980 653 2047 et
675 1973 870 2045 amisorum
888 1971 925 2041 in
947 1973 1088 2062 regulos
1108 1972 1272 2044 subditos
1290 1973 1480 2045 auotorita-

418 2106 540 2172 temet
559 2093 717 2170 stabilita
729 2105 765 2170 et
784 2095 974 2178 custodita,
992 2097 1098 2168 latius
1119 2115 1183 2187 per
1200 2115 1344 2188 tempos
1364 2098 1484 2189 spargi

419 2241 530 2314 genus
550 2223 749 2293 humanum
775 2220 919 2311 incipit,
941 2219 1177 2311 mundique,
1199 2227 1261 2293 aut
1279 2222 1317 2292 in
1337 2221 1484 2311 praediis

419 2347 570 2438 singulae
589 2346 782 2418 nolentium
799 2344 942 2427 domus,
959 2352 1021 2417 aut
1038 2345 1075 2416 in
1094 2344 1182 2416 loeis
1198 2347 1251 2418 vel
1266 2346 1413 2436 aquosis
1427 2348 1482 2418 vel

419 2470 464 2542 ad
484 2469 586 2542 utilia
610 2468 821 2541 commertia
840 2467 1040 2558 aptioribus
1059 2468 1125 2539 riti
1145 2475 1179 2540 et
1199 2469 1339 2540 numeri
1360 2469 1482 2542 domo·

421 2612 499 2666 rum
524 2599 721 2684 ponuntur.
752 2592 991 2664 Plurimorum
1013 2597 1131 2663 autem
1158 2611 1329 2684 pagorum
1356 2594 1484 2666 inoolis

419 2720 457 2790 in
477 2733 696 2808 unaquaque
711 2717 867 2807 regione,
886 2716 916 2787 si
931 2714 1068 2787 bellum
1087 2724 1149 2787 aut
1168 2717 1343 2790 tumultus
1359 2717 1481 2801 tiebat,

418 2843 619 2936 perfugium
640 2841 849 2935 praebebant
868 2839 1018 2932 oppida,
1038 2859 1148 2913 raoua
1166 2842 1305 2932 reliquo
1324 2850 1484 2933 tempore

418 2988 532 3062 pauoa
556 2967 702 3040 militari
722 2965 857 3038 familia
882 2967 920 3038 in
948 2965 1146 3039 custodiam
1168 2969 1302 3040 relicta.
1325 2970 1483 3055 Quorum

358 3149 362 3156 ,
421 3096 511 3168 situs
527 3101 561 3167 et
576 3092 734 3166 indolem
751 3110 863 3184 quum
880 3093 1057 3164 nonnulla
1070 3091 1141 3163 alia
1154 3099 1229 3164 tum
1245 3093 1379 3183 optime
1392 3093 1483 3166 illud

420 3219 510 3291 mihi
531 3218 689 3292 ostendit
709 3217 822 3309 quod,
846 3216 963 3290 Saidae
984 3217 1139 3290 maxime
1157 3218 1331 3300 virinum,
1354 3224 1484 3290 castro·

420 3364 499 3416 rum
529 3345 712 3435 iugurtha
741 3343 889 3415 nomine
919 3360 1103 3433 perperam
1133 3341 1388 3415 demraremnt
1410 3340 1481 3438 (5).

422 3470 484 3539 Est
502 3472 674 3539 montana
692 3467 874 3558 planities,
895 3486 992 3558 pass.
1016 3468 1097 3539 uiro.
1115 3487 1181 3539 noc
1195 3469 1314 3558 longa,
1336 3468 1408 3540 lata
1422 3487 1484 3540 au-

420 3599 491 3665 tem
518 3610 621 3674 cccc,
648 3590 704 3663 eui
728 3590 864 3662 aditum
894 3591 954 3664 dat
982 3592 1137 3664 isthmus
1165 3592 1272 3682 paulo
1295 3611 1338 3664 ev
1364 3593 1481 3664 latior.

421 3716 588 3808 Undique
604 3715 776 3807 praerupti
792 3716 943 3806 seopeli,
958 3715 1138 3818 interdum
1158 3717 1326 3807 usquein
1342 3737 1382 3789 on
1399 3717 1482 3809 ped.

420 3839 646 3912 altitudinem
663 3838 877 3923 eminentes,
895 3840 1010 3930 ipsam
1025 3845 1169 3930 portant
1187 3839 1387 3930 planitiem.
1404 3841 1485 3912 Vai-

420 3965 473 4037 ies
493 3964 821 4055 ercombertum,
844 3983 996 4056 quorum
1017 3982 1130 4048 unus,
1152 3971 1192 4036 ut
1211 3983 1341 4054 aquam
1361 3963 1485 4056 oppidi

452 4188 575 4255 (riseri,
590 4192 661 4253 lup„
676 4189 715 4251 dd,
733 4189 775 4248 te;
790 4187 864 4254 Virg.
879 4195 905 4241 et
921 4188 1006 4248 Serv„
1021 4192 1090 4252 ΔΜ,
1103 4191 1123 4254 Ι,
1139 4190 1201 4254 mt;
1214 4189 1261 4253 IV,
1272 4191 1333 4250 25&
1345 4191 1416 4254 Met,
1427 4191 1448 4252 1,
1460 4191 1485 4242 8.

454 4278 487 4342 (ἲ)
507 4277 569 4329 Vid.
584 4277 614 4330 F.
631 4279 758 4341 Laeron,
773 4280 832 4330 lieo.
848 4278 910 4344 utu,
927 4279 995 4342 1870,
1009 4295 1036 4344 p.
1053 4277 1168 4332 tos-toa.

456 4365 490 4429 (3)
509 4368 606 4432 voyage
620 4366 729 4428 d'ttude,
743 4370 795 4419 tab.
809 4381 846 4419 rr.
