3498 5324
882 619 1041 681 -30-

430 759 550 848 Syrtes
569 756 606 826 in
626 756 808 846 provincia
827 763 941 828 erant.
959 758 1012 828 lta
1029 762 1069 828 ut
1088 754 1228 828 reddita
1246 757 1347 830 Juhae
1369 758 1495 829 Numi-

429 880 489 952 dia
505 880 667 971 undique
686 879 910 953 validissimo
928 880 1067 952 romani
1087 879 1255 952 territorii
1273 879 1456 952 obstaculo
1476 900 1499 951 a

429 1005 518 1076 mari
540 1005 803 1096 prohiberetur.

476 1130 554 1201 Non
572 1130 1497 1222 adeotamonspornandaaratutiuvoniRomaeedu·
1544 1122 1549 1180 ἓ

429 1262 506 1327 cato
518 1253 702 1327 fastidium
720 1273 861 1328 movero
876 1264 1011 1346 posset.
1030 1258 1151 1327 Status
1167 1256 1263 1327 enim
1282 1256 1314 1326 is
1328 1256 1400 1327 iere
1415 1254 1494 1327 init.

443 1381 528 1449 'Er
564 1398 635 1470 quo
664 1397 743 1450 oum
777 1380 888 1451 Roma
923 1380 1097 1471 Italiaque
1132 1378 1300 1452 Numidia
1333 1379 1498 1471 irequan·

430 1505 501 1576 tius
536 1504 833 1585 conversabatur,
865 1503 963 1596 quod
998 1506 1072 1595 jam
1113 1506 1244 1578 saeouio
1283 1505 1365 1596 plus
1406 1504 1495 1590 init,

429 1631 540 1700 multa
572 1627 617 1699 ab
648 1629 722 1712 eis,
752 1634 792 1700 ut
823 1648 845 1699 a
878 1630 999 1701 Poenis
1033 1637 1138 1701 antea
1169 1636 1311 1720 accepta
1340 1637 1495 1710 monam,

430 1758 632 1842 sumpserat
651 1753 697 1824 ad
717 1754 947 1826 excolendam
971 1754 1124 1844 priscam
1151 1754 1326 1826 feritatem
1352 1751 1494 1825 idonea.

431 1877 571 1947 Primus
591 1876 792 1958 Masinissa,
818 1885 858 1949 ut
878 1883 953 1949 erat
972 1876 1144 1969 providus
1164 1896 1205 1948 ao
1224 1878 1350 1959 solers,
1372 1878 1497 1948 Roma-

429 2019 515 2071 num
536 2019 615 2072 oum
637 2001 820 2083 Romanis,
837 2002 1031 2074 barbarum
1050 2009 1131 2074 'oum
1148 2003 1238 2086 suis,
1256 2001 1444 2075 ostendere
1459 2020 1498 2074 se

429 2133 678 2208 consueverat,
702 2133 737 2198 et
757 2125 848 2198 iines
869 2146 953 2202 suos
973 2128 1066 2199 ultro
1089 2127 1222 2218 linguae
1240 2127 1378 2199 artibus
1404 2145 1497 2198 oom-

429 2250 558 2321 meroio
588 2249 856 2340 peregrinorum
884 2251 1048 2342 aperuit;
1077 2253 1224 2342 jamque
1257 2269 1298 2322 eo
1328 2258 1498 2342 regnante

432 2374 534 2446 multi
577 2393 621 2446 ex
658 2374 760 2445 ltalia
804 2375 1009 2467 Graeciaque
1049 2376 1214 2448 homines
1261 2376 1497 2467 negotiatores

430 2496 583 2570 artificas
606 2497 772 2574 litterati,
804 2518 915 2590 genus
940 2517 1047 2572 omne
1073 2501 1187 2572 solers
1214 2506 1250 2572 ot
1275 2498 1373 2591 quod
1397 2497 1498 2570 facile

432 2621 566 2712 ubique
592 2629 772 2714 penetret,
794 2625 833 2695 in
858 2623 1066 2707 maritimis,
1094 2623 1200 2697 etiam
1229 2624 1268 2693 in
1296 2622 1499 2695 mediterra-

431 2745 528 2830 neis,
549 2746 701 2819 urbibus
720 2749 931 2821 commorari
951 2749 1195 2821 instituerant.
1218 2749 1301 2820 Post
1320 2748 1418 2820 huno
1436 2746 1498 2818 Mi·

431 2872 542 2962 oipsa,
559 2889 666 2962 quem
680 2890 702 2942 a
721 2872 851 2944 Graecis
867 2871 1146 2964 praceptoribus
1161 2871 1305 2943 educari
1322 2870 1495 2956 voluerat,

432 3012 503 3083 quo
518 2994 653 3068 dootior
665 3014 751 3067 sane
766 2997 890 3069 nullus
905 3003 1078 3088 praeterea
1087 2995 1276 3079 barbarus
1290 2995 1397 3067 tratre
1408 2996 1498 3069 Mas·

431 3119 596 3192 tanabalo
615 3127 782 3212 excepto,
805 3128 891 3194 tuno
910 3123 997 3204 fuit,
1020 3130 1056 3194 et
1074 3121 1315 3214 philosophiae
1334 3120 1494 3202 deditus,

432 3243 583 3314 multum
619 3244 665 3317 ad
695 3246 945 3319 humaniorem
978 3247 1087 3319 vitam
1117 3246 1297 3318 eontulit:
1324 3264 1395 3336 quo
1422 3263 1497 3334 reg-

432 3373 541 3438 nante
559 3374 653 3440 artes
672 3376 733 3441 aut
755 3377 849 3444 natae
869 3378 954 3443 sunt
972 3377 1034 3442 ant
1052 3371 1269 3451 floruerunt,
1291 3376 1330 3441 ut
1350 3374 1498 3441 testatur

432 3491 558 3581 ingens
594 3492 874 3582 pulcherrimum
909 3495 1014 3585 regiae
1050 3495 1165 3588 gentis
1200 3499 1494 3574 monumentum,

432 3614 528 3706 quod
554 3615 600 3686 ab
627 3635 668 3688 eo
698 3617 913 3691 adiuratum
937 3618 1113 3702 ereditur,
1135 3618 1265 3709 auique
1289 3635 1422 3690 nomen
1447 3613 1500 3686 at

331 3768 334 3773 ’
431 3737 639 3810 Madrosen.
673 3740 804 3814 Cirtha
836 3744 1036 3815 Graecorum
1071 3743 1210 3814 oolonia
1242 3761 1323 3834 rege
1354 3747 1498 3814 auotore

432 3865 625 3937 constituta
641 3872 707 3949 est,
725 3873 831 3957 atque
847 3867 959 3940 Italici
978 3867 1144 3941 homiues
1159 3872 1298 3939 tantum
1314 3867 1353 3938 in
1372 3883 1497 3938 nume·

415 4007 511 4080 ‘rum
531 3997 717 4076 creverunt
731 3999 770 4065 ut
789 3995 896 4084 panio
910 4000 992 4086 post
1008 4000 1131 4066 eontra
1143 3994 1354 4086 Iugurtham
1370 3992 1497 4064 urbem

432 4111 548 4203 ipsam
568 4112 800 4188 defenderent
825 4113 888 4209 (i).
910 4118 1041 4209 Vagam
1059 4136 1220 4210 quoque,
1242 4118 1358 4190 iorum
1378 4133 1496 4190 rerum

464 4310 497 4375 (i)
512 4310 586 4373 Sall„
598 4315 667 4376 tua,
683 4313 722 4375 2¹,
736 4315 776 4366 26.
792 4314 832 4368 Da
847 4317 897 4368 hac
915 4318 1084 4381 defensione,
1099 4317 1153 4368 rid.
1171 4316 1280 4380 Lallier,
1295 4317 1323 4366 in
1337 4314 1454 4369 Annales
1467 4315 1498 4366 de

432 4401 459 4451 to
474 4402 575 4454 Focum
587 4404 618 4454 de
633 4405 780 4468 Bardaetta,
794 4405 864 4456 issa.
