3490 5318
733 509 831 574 ..p5
851 543 891 558 ..

278 661 341 728 aut
359 651 439 726 sinc
459 650 540 742 iure
567 655 629 722 aut
653 653 735 741 post
750 648 810 738 jus
838 644 909 738 ipsi
937 645 1126 720 Ptolemaeo
1145 663 1167 716 a
1186 644 1346 737 Caligula

278 779 318 851 in
337 775 506 850 extremis
528 773 626 866 regni
650 774 728 864 ejus
751 770 974 863 temporibus
993 787 1202 844 concessum
1222 769 1342 862 suspi-

279 900 415 975 candus
434 900 536 972 loret.
557 898 650 971 luha
668 903 806 980 antem,
829 902 1004 987 qnantum
1024 896 1213 979 novimus,
1235 895 1341 968 abso·

279 1027 394 1099 lutum
418 1020 569 1098 feriendi
592 1021 781 1094 arbitrium
808 1040 882 1094 non
909 1021 1085 1104 habebat,
1107 1028 1215 1112 atque
1238 1022 1344 1093 itaci

279 1167 422 1241 quoque
449 1147 673 1240 privilegium
701 1162 910 1218 concessum
941 1144 1053 1217 luisse
1081 1144 1343 1235 conjiciendum

279 1281 374 1348 esset
391 1292 435 1345 ox
450 1292 521 1364 quo
537 1273 724 1363 Cleopatra
742 1271 939 1362 viripotens
958 1270 1037 1342 luit.
1060 1269 1163 1355 onon
1182 1269 1342 1360 quidem,

279 1417 343 1492 per
361 1417 401 1471 se
419 1396 516 1470 haud
535 1396 733 1469 absurdum
749 1413 868 1485 neque
882 1415 902 1466 a
916 1393 1111 1467 verosimili
1129 1392 1342 1476 abhorrens,

279 1522 449 1598 lluellero
465 1521 578 1613 magis
593 1522 748 1612 placeret
768 1516 815 1614 (l)
838 1545 846 1591 :
865 1519 1062 1610 quinetiam
1082 1519 1210 1591 inutile
1225 1519 1345 1610 potius

280 1646 505 1740 privilegium
525 1645 637 1718 fuisso
662 1645 794 1728 credit,
819 1650 980 1718 nectam
1009 1649 1105 1717 arcta
1133 1642 1344 1717 delinitione

281 1771 423 1863 regibus
439 1770 735 1862 iureconsultum
757 1766 821 1864 (b).

254 1983 255 1986 p
331 1895 512 1969 Succurrit
529 1902 648 1969 autom
666 1893 757 1966 illud
776 1894 1025 1986 gravissimum
1042 1892 1139 1986 quod
1159 1893 1345 1984 Cleopatra

281 2020 440 2092 nummis
475 2037 549 2090 non
580 2010 696 2092 Solum
724 2036 797 2091 una
825 2036 904 2091 cum
932 2019 1060 2091 marito
1087 2017 1250 2102 infertur,
1281 2015 1345 2091 sed

283 2144 388 2216 etiam
420 2142 602 2216 interdum
627 2145 704 2215 sola
731 2140 778 2237 (5)
806 2161 886 2216 cum
912 2142 1113 2217 diademate
1137 2149 1172 2215 et
1198 2142 1346 2214 nominc

282 2268 377 2360 regio
407 2281 650 2338 KAEOHATPA
671 2296 678 2311 ·
702 2281 912 2338 anamiim.
949 2268 1082 2342 Eodem
1114 2286 1259 2360 quoqne
1285 2285 1343 2340 or·

282 2399 369 2466 natu
389 2388 546 2485 insignis
570 2394 606 2465 in
635 2394 793 2466 nummis
818 2394 1069 2466 communibus
1098 2391 1145 2487 (l)
1169 2393 1343 2478 comitur,

282 2534 394 2608 graeca
412 2535 492 2588 cum
512 2517 766 2608 inscriptione,
795 2517 881 2589 dum
905 2518 997 2589 tuba
1022 2535 1163 2609 semper
1190 2515 1345 2611 (duobus

279 2629 452 2732 exemplis
486 2641 733 2713 tantummodo
767 2643 923 2733 exceptis
954 2639 1001 2736 (b)
1038 2642 1186 2714 latinam
1220 2642 1342 2715 habet.

283 2765 391 2857 Signa
405 2765 444 2836 in
459 2766 618 2837 nummis
631 2765 770 2838 diversa
788 2790 797 2837 ι
814 2766 1011 2858 Cleopatrae
1026 2772 1088 2838 aut
1102 2769 1188 2839 luna
1203 2764 1342 2863 (Σελήνη)

282 2894 344 2960 aut
359 2889 552 2980 aegyptiaca
578 2890 716 2972 omnia,
743 2896 783 2961 nt
805 2889 1023 2971 crocodilus,
1053 2869 1221 2964 Hathoris
1243 2909 1347 2966 vacca

282 3012 407 3085 lunata
426 3014 555 3096 fronte,
577 3021 639 3086 aut
652 3014 737 3098 ibis,
759 3021 821 3086 aut
839 3014 1137 3106 hippopotamus,
1160 3022 1222 3088 aut
1240 3014 1346 3090 lsidis

283 3138 486 3229 symbolum
517 3137 624 3211 sistro
657 3156 753 3229 saepe
783 3139 946 3230 apposito
972 3139 1067 3229 quod
1102 3139 1208 3214 Novae
1240 3140 1346 3213 lsidis

283 3259 369 3334 fihae
396 3263 580 3346 convenit;
609 3263 710 3336 anae
736 3269 856 3336 autom
882 3270 944 3335 aut
968 3282 1136 3348 romana,
1165 3271 1228 3338 ant
1253 3283 1348 3358 saepe

283 3387 389 3460 otiam
418 3388 547 3480 Libyca
579 3407 659 3479 quae
691 3394 726 3460 et
757 3389 910 3480 maJ'ores
942 3391 1019 3480 ejus
1053 3389 1271 3475 habuerant,
1307 3397 1347 3464 ut

283 3511 442 3603 clephas
465 3513 646 3586 interdum
666 3513 830 3596 turritus,
852 3514 922 3598 leo,
943 3520 1005 3586 aut
1021 3515 1131 3606 libya
1146 3514 1346 3606 elephantis

314 3740 349 3804 (Ι)
362 3738 447 3799 Muti,
465 3739 567 3806 Sapph,
582 3757 609 3806 p.
623 3739 662 3791 76.

317 3829 354 3895 (2)
368 3831 418 3892 lc,
434 3831 489 3893 111,
505 3845 532 3895 p.
551 3830 603 3882 llo.

315 3917 351 3982 (3)
365 3919 419 3980 bt,
436 3919 580 3982 num.103‚
598 3919 650 3972 iol.

315 4006 349 4072 (l)
367 4006 416 4069 lo,
433 4022 506 4059 num.
523 4007 622 4060 84-102.

316 4095 350 4159 (5)
366 4097 416 4154 ld..
431 4097 476 4155 75.
490 4102 516 4148 et
527 4099 629 4164 suppl,
646 4099 710 4151 loa.
722 4087 858 4151 Interdum
873 4105 976 4166 tamen,
991 4098 1070 4152 etlam
1090 4103 1116 4152 in
1134 4104 1251 4153 nummis
1268 4103 1347 4154 latine

285 4184 433 4249 inscriptis,
449 4199 536 4238 annus
553 4189 627 4252 regni
647 4191 744 4254 graeeis
762 4192 858 4242 litteris
871 4193 1037 4256 exprimitur,
1054 4193 1156 4244 scilicet
1176 4193 1202 4243 in
1217 4206 1290 4243 num.
1307 4193 1347 4254 38,

285 4271 549 4344 QQQQU
