3498 5324
906 611 946 626 -
967 575 1006 641 4'8
1027 583 1084 626 -·

455 723 523 800 tas,
542 714 765 788 humanioris
784 713 865 787 vitae
884 715 1226 800 commodorumvel
1242 715 1346 789 inscii
1362 719 1416 790 vel
1431 718 1514 791 des-

453 842 643 934 uidentes,
665 847 785 912 tamen
806 839 985 930 quoddam
1006 840 1280 932 magnificentia
1300 837 1514 933 genus'har·

452 964 620 1048 baronum
635 964 740 1036 modo
756 963 985 1054 splendidum
1001 984 1074 1037 non
1090 965 1281 1038 ambirent.
1300 967 1438 1040 Scimus
1453 987 1515 1040 eos

452 1090 530 1162 auri
550 1089 759 1180 argentique
774 1095 948 1179 quantum
965 1096 1130 1179 poteraut
1144 1090 1302 1163 vestibus
1318 1091 1515 1164 inseruisse

356 1243 363 1253 ·
451 1214 569 1287 autin
590 1214 687 1285 uultu
706 1231 771 1284 suo
795 1212 1082 1302 feminarumque
1102 1231 1282 1305 erogasse,
1312 1221 1347 1286 et
1376 1215 1514 1305 eorpori

451 1337 612 1412 ornando
626 1337 755 1409 mirum
776 1337 815 1407 in
829 1336 976 1408 modum
998 1336 1192 1408 studuisse.
1214 1337 1262 1409 iis
1281 1344 1399 1410 autem
1419 1338 1514 1411 helia

449 1463 584 1535 tributa
609 1466 807 1533 mercatura
832 1466 894 1531 aut
920 1460 1078 1551 praedam
1102 1467 1163 1533 aut
1187 1479 1314 1533 aurum
1337 1468 1398 1533 aut
1417 1480 1514 1552 pere·

448 1586 630 1678 grinarum
655 1584 784 1655 artium
809 1602 916 1674 opera
936 1585 1207 1677 comparabant,
1230 1591 1265 1656 et
1283 1583 1415 1658 divitiae
1434 1603 1510 1658 ser·

449 1727 645 1800 verumque
675 1707 866 1780 multitudo
896 1726 1012 1780 emere
1042 1715 1103 1782 aut
1131 1709 1244 1781 iacere
1272 1709 1384 1782 multa
1414 1709 1510 1800 plebi

447 1852 511 1926 per
529 1832 688 1923 inopiam
710 1839 836 1922 negata
854 1831 1110 1904 concedebant.
1129 1832 1282 1904 Pulchra
1300 1839 1336 1905 et
1353 1835 1511 1925 pretiosa

312 2033 317 2042 ,
447 1958 560 2031 muita
584 1958 690 2030 etiarn
709 1975 767 2028 ars
786 1956 940 2029 barbara
959 1957 1099 2030 efficere
1117 1959 1250 2049 potuit,
1273 1958 1510 2051 auritioesque

341 2087 348 2098 '
446 2084 604 2155 valentes
627 2081 666 2152 in
689 2083 909 2154 Mauretania
933 2081 1044 2155 tuisse
1070 2089 1105 2154 et
1130 2090 1270 2174 reperta
1300 2091 1510 2156 ornamenta

446 2213 603 2279 veterum
629 2212 663 2276 et
690 2203 865 2276 hodierna
892 2204 1071 2277 industria
1105 2204 1245 2279 docent.
1274 2207 1442 2293 Quinimo
1475 2215 1510 2281 et

446 2329 619 2420 ingenuas
635 2334 728 2400 artes
748 2346 821 2399 non
842 2328 916 2399 iilic
934 2335 1088 2413 tantum,
1107 2329 1171 2402 sed
1185 2330 1281 2421 apud
1298 2337 1419 2421 gentes
1435 2332 1510 2403 Gae-

445 2453 544 2526 tuliae
568 2453 712 2524 ultimas
732 2452 997 2542 quodammodo
1023 2453 1189 2525 floruisse
1215 2460 1372 2537 constat,
1395 2473 1506 2544 quum

444 2577 481 2648 in
511 2577 589 2668 ipso
619 2576 763 2648 Saharae
791 2577 936 2667 majoris
970 2578 1118 2661 limine,
1149 2577 1325 2669 superatis
1355 2578 1527 2651 saltibus'

444 2701 611 2774 extremis
630 2720 651 2771 a
670 2701 839 2773 Romanis
860 2719 1046 2791 nunquam
1067 2702 1260 2792 occupatis,
1279 2702 1411 2774 inuisas
1430 2721 1505 2774 soo-

442 2827 538 2917 puiis
565 2825 673 2898 vastis
698 2827 821 2917 longas
845 2825 1041 2917 imaginum
1070 2821 1198 2908 series,
1228 2824 1336 2898 rudes
1362 2844 1448 2898 sane
1471 2835 1505 2900 et

442 2951 613 3024 informes
633 2950 696 3024 sed
715 2970 736 3021 a
755 2950 888 3040 quibus
904 2968 977 3022 non
998 2951 1121 3022 aberat
1137 2949 1387 3021 similitudinis
1403 2969 1501 3040 quae-

442 3075 524 3146 dam
568 3074 754 3165 ingeniosa
792 3073 1026 3157 sollicitudo,
1064 3074 1196 3145 milites
1234 3073 1348 3145 nostri
1385 3073 1503 3145 mirati

442 3199 514 3270 sint
537 3196 601 3292 (i).

488 3323 825 3394 Numerosissimam
840 3324 949 3414 igitur
967 3323 1137 3395 ieroeium
1157 3322 1344 3394 hominum
1361 3329 1500 3414 gentem

438 3445 530 3516 iuba
544 3463 606 3516 ren
621 3454 812 3536 acceperat,
830 3466 952 3536 quarn,
971 3455 1010 3519 ut
1026 3454 1100 3518 erat
1115 3446 1233 3548 adhue
1247 3447 1396 3530 inculta,
1411 3465 1501 3518 nou·

319 3587 322 3592 ’
439 3566 524 3638 dum
546 3587 693 3639 romano
713 3569 863 3659 imperio
887 3579 1062 3642 maturam
1081 3570 1345 3642 existimaverat
1363 3570 1500 3662 Augus-

438 3697 510 3764 tus.
529 3693 720 3764 Poenorum
735 3691 831 3764 enim
847 3693 1037 3783 imperium
1053 3712 1164 3784 quum
1183 3694 1411 3784 aliquatenus
1427 3694 1500 3787 pati

438 3816 570 3888 multos
590 3835 653 3908 per
672 3834 788 3887 annos
808 3823 926 3888 eoaeta
942 3823 1055 3899 esset,
1073 3835 1186 3907 pauoa
1204 3815 1249 3888 ah
1273 3816 1318 3889 iis
1339 3819 1496 3909 recepit:

466 4151 500 4220 (it
516 4153 830 4218 dempta-readmoneat.
853 4155 873 4204 t.
898 4160 921 4204 et
945 4154 1024 4214 Μ,
1046 4150 1077 4202 28
1096 4166 1138 4205 av.
1167 4151 1238 4216 team
1266 4155 1363 4217 voyage
1385 4154 1495 4216 d'dtude,

434 4257 461 4307 p.
474 4243 519 4304 76,
535 4257 562 4293 n.
579 4248 591 4291 1
605 4258 612 4304 3
625 4247 651 4292 et
661 4255 720 4304 quae
734 4242 767 4292 de
779 4245 858 4292 aetate
869 4255 960 4292 aarum
972 4242 1115 4305 figurarum
1128 4241 1249 4304 disserui,
1266 4244 1293 4291 iu
1307 4242 1373 4293 nott.
1385 4243 1416 4294 de
1427 4256 1498 4293 corr.

434 4331 495 4399 afr„
512 4332 577 4395 lesa,
591 4332 656 4382 fase.
670 4329 693 4381 6.
