3498 5324
905 638 1065 700 ..56-

451 777 643 871 prudentia
663 777 863 848 constantia
889 776 935 848 ad
954 795 1070 848 mores
1094 777 1284 849 mutandos
1305 796 1404 868 reges
1422 776 1519 867 apud

452 922 512 976 eas
533 909 655 994 gentes
676 908 934 974 monstraverat
959 901 1168 988 Masinissa,
1191 902 1252 992 qui
1278 901 1450 974 Numidas
1475 920 1518 973 ex

452 1027 685 1121 praeueniens
705 1027 850 1114 milites,
869 1046 912 1098 en
932 1027 1147 1098 nomadibus
1168 1027 1352 1118 agricolas,
1373 1026 1518 1098 exieris

454 1152 638 1230 homines,
658 1151 818 1222 saeculari
835 1169 945 1242 prope
960 1169 1067 1242 regno
1082 1152 1254 1242 paulatim
1271 1151 1432 1223 effecerat
1452 1150 1462 1244 (
1489 1149 1516 1244 ).

454 1276 580 1348 Jubam
600 1274 646 1347 ad
661 1274 817 1366 idipsum
834 1276 1063 1348 Mauretaniis
1079 1276 1284 1367 praelectum
1301 1277 1345 1347 ab
1361 1276 1519 1367 angusto

455 1400 566 1471 luisse
586 1417 690 1471 nemo
711 1377 997 1482 dubitabit3'sed
1018 1400 1107 1471 mihi
1125 1408 1207 1473 ante
1228 1401 1349 1472 omnia
1364 1401 1519 1492 quietem

456 1545 556 1596 suam
577 1524 673 1597 eordi
693 1525 863 1596 habuisse
887 1523 1039 1597 videtur.
1062 1528 1194 1597 Natura
1214 1526 1444 1618 magnificus,
1466 1545 1521 1597 ar·

456 1649 545 1721 tium
562 1649 833 1738 litterarumque
851 1650 963 1720 uultur
980 1651 1155 1740 egregius,
1174 1650 1242 1721 sibi
1259 1650 1362 1721 uitam
1379 1650 1520 1740 qualem

457 1776 577 1846 Romae
597 1781 657 1872 aut
676 1773 826 1844 Athenis
846 1781 1004 1856 noverat,
1027 1792 1135 1865 regno
1158 1792 1300 1865 paoem,
1323 1775 1415 1846 nihil
1430 1775 1522 1846 ultra

417 1991 423 2004 ἢ
456 1899 568 1970 voluit
590 1922 598 1968 :
622 1918 702 1988 quae
721 1905 860 1982 tamen,
881 1906 922 1970 ut
943 1917 984 1971 ea
1005 1917 1077 1969 non
1097 1899 1228 1971 frustra
1251 1899 1405 1971 uoluisse
1425 1899 1522 1970 ride·

453 2005 534 2105 tur,
563 2024 642 2114 ipsa
673 2030 800 2093 natura
828 2021 924 2093 haud
953 2041 1079 2113 parum
1106 2022 1151 2093 ad
1179 2023 1370 2094 mutandos
1401 2023 1524 2113 populi

459 2149 576 2219 mores
597 2153 630 2218 et
650 2146 900 2218 emolliendam
921 2147 1094 2218 lenitatem
1114 2147 1313 2220 valuerunt.

508 2274 591 2343 Erat
607 2271 657 2342 lol
675 2271 761 2342 urbs
775 2278 875 2342 vetus
890 2271 978 2341 mari
998 2270 1161 2342 insidens
1176 2271 1253 2342 loeo
1270 2271 1523 2362 pulcherrimo,

461 2395 642 2488 quondam
672 2396 862 2467 Poenorum
892 2395 1036 2477 eivitaS,
1059 2394 1177 2467 adhue
1194 2402 1313 2467 tamen
1334 2394 1522 2487 ignobilis,

463 2538 669 2611 quanquam
692 2520 785 2590 elara
803 2519 899 2610 apud
918 2520 1142 2611 Massaesylos
1162 2527 1196 2591 et
1215 2521 1350 2592 Boeoho
1368 2519 1527 2592 habitata

462 2644 548 2736 regi.
571 2646 670 2716 liano
689 2645 762 2716 lore
782 2644 904 2716 sedem
925 2659 1040 2728 suam,
1063 2644 1130 2716 hoo
1149 2651 1263 2717 oetero
1283 2664 1390 2736 regno
1410 2662 1527 2717 exem-

461 2770 581 2860 plum,
605 2769 698 2840 hane
721 2769 853 2840 artium
874 2769 1127 2840 humaniorum
1154 2769 1257 2859 quasi
1285 2787 1398 2840 aream
1429 2777 1464 2839 et
1489 2769 1526 2838 in

462 2893 692 2964 Mauretaniis
715 2893 865 2983 patriam
885 2894 976 2964 Juba
995 2910 1105 2982 quum
1127 2893 1389 2977 constituisset,
1412 2893 1527 2964 Caese-
1605 2927 1608 2934 ⁴

462 3037 559 3090 ream
580 3019 617 3088 in
638 3019 809 3090 honorem
836 3018 964 3090 domus
985 3019 1023 3089 in
1049 3038 1119 3108 qua
1138 3018 1216 3109 ipse
1239 3018 1440 3091 adoleverat
1459 3037 1525 3089 no·

462 3145 575 3215 minat
593 3141 662 3236 (2).
677 3163 743 3216 neo
761 3150 884 3235 postea
903 3163 1075 3217 exornare
1095 3151 1129 3215 et
1147 3144 1315 3215 omnibus
1331 3143 1527 3216 commodis

463 3266 672 3358 deliciisque
702 3269 878 3340 instruere
912 3268 1019 3340 desiit
1044 3265 1112 3363 (5).
1143 3271 1271 3350 Erant,
1299 3288 1410 3360 quum
1438 3269 1529 3339 Galli

463 3391 602 3482 digena
633 3393 734 3482 potiti
770 3400 874 3475 sunt,
911 3395 1024 3466 ruina
1051 3393 1221 3464 Cesarea
1247 3394 1388 3465 intactae
1412 3412 1530 3483 neque

463 3516 562 3587 aliud
581 3535 697 3606 passae
720 3523 849 3606 praeter
868 3523 1103 3599 vetustatem;
1127 3535 1208 3606 quae
1231 3525 1316 3588 tunc
1335 3517 1529 3608 pulcherri-

464 3659 540 3712 mas
559 3640 736 3712 Numidiae
756 3647 790 3711 et
809 3641 933 3712 Airioae
952 3641 1073 3723 urbes,
1095 3647 1129 3712 et
1147 3641 1353 3714 Thevestem
1374 3649 1408 3714 et
1429 3645 1530 3713 Lam-

464 3765 589 3837 baesim
610 3773 643 3836 et
663 3765 910 3857 Carthaginem
930 3773 964 3836 et
981 3765 1182 3856 Thysdrum
1201 3772 1235 3837 et
1251 3767 1531 3856 qualescumque

464 3889 567 3972 alias,
583 3889 661 3961 sine
676 3889 786 3962 dubio
805 3890 843 3961 in
864 3897 1043 3962 certamen
1058 3896 1236 3978 vocarent,
1259 3890 1297 3961 in
1318 3891 1385 3962 hoo
1405 3892 1529 3963 saltem

495 4229 529 4293 (l)
542 4229 621 4291 App..
640 4230 718 4287 Pan,
737 4226 796 4286 lum
813 4226 910 4282 Strab„
929 4223 1056 4290 xv11,p.
1072 4225 1130 4276 lit.

499 4319 531 4380 (l)
545 4318 619 4378 Quod
634 4318 667 4366 od
682 4330 776 4366 nomen
788 4317 915 4379 pertinet,
928 4315 986 4364 vid.
1002 4314 1029 4368 G.
1043 4315 1065 4364 l.
1081 4317 1116 4375 l.,
1134 4313 1206 4375 vill,
1227 4331 1251 4378 p.
1267 4315 1322 4366 800.

496 4406 530 4469 (3)
545 4404 640 4463 Strab„
658 4401 791 4468 xv11‚p.
808 4404 849 4454 831
863 4426 869 4461 ;
887 4403 965 4460 Plin..
983 4405 1012 4454 ll.
1028 4406 1070 4464 Ν.,
1085 4401 1119 4464 V,
1139 4404 1158 4453 l.
