3490 5318
685 544 862 607 -125-

237 686 383 776 maioris
398 683 537 775 aliquid
558 685 729 757 momenti
749 690 908 756 occurrat
924 702 1029 773 quam
1051 682 1185 755 bellum
1206 687 1300 756 Harr-

237 809 444 912 nibalicum.
470 808 572 894 Quod
588 808 733 898 quidem
748 827 814 879 nos
835 808 988 879 maxime
1011 827 1075 899 per
1097 808 1296 900 Polybium,

238 936 394 1017 Livium,
418 935 667 1016 Plutarchum,
697 934 923 1025 Appianum,
955 933 1191 1024 Cassiumque
1219 937 1301 1006 Dio·

238 1077 319 1131 nem
340 1059 517 1139 novimus,
541 1059 603 1131 sed
623 1078 718 1150 saepe
737 1059 830 1130 inter
848 1076 886 1130 se
905 1058 1137 1142 dissentiunt,
1160 1078 1225 1132 nec
1243 1079 1300 1134 eo-

237 1181 318 1254 dem
338 1183 451 1273 pretio
472 1184 593 1255 omnia
613 1201 693 1273 quae
713 1182 836 1254 dicunt
855 1182 1016 1254 facienda
1032 1181 1212 1255 ridentur.
1236 1186 1302 1276 On

238 1307 344 1378 timos
372 1306 467 1379 eninr
491 1307 607 1378 fontes
627 1305 789 1397 quamvis
820 1306 938 1378 Livius
967 1307 1153 1389 habuerit,
1181 1307 1301 1379 forsan

238 1449 417 1521 nusquam
445 1431 534 1502 alias
570 1432 608 1502 in
643 1415 837 1502 annalibus
867 1430 1066 1502 scribendis
1103 1432 1235 1522 saepius
1268 1439 1303 1503 et
1357 1417 1359 1424 ’

238 1555 379 1645 longius
406 1574 427 1626 a
451 1562 544 1627 recta
567 1556 708 1628 errarit.
732 1556 818 1640 Quae
843 1555 937 1628 enirn
959 1574 1002 1627 ex
1026 1555 1169 1639 Sileno,
1193 1557 1302 1628 Fabio

239 1679 395 1764 Pictore,
418 1682 567 1762 Catone,
591 1681 711 1752 Cincio
731 1680 909 1753 alimento
928 1681 1023 1772 apud
1039 1681 1185 1754 Caelium
1203 1683 1302 1754 huti-

240 1813 382 1896 patrum
402 1806 559 1889 invenit,
578 1824 659 1896 quae
672 1823 715 1877 ex
734 1805 814 1878 aliis
829 1805 1034 1876 auctoribus
1050 1805 1197 1897 Polybio
1213 1826 1303 1898 prae·

193 1931 196 1940 '
240 1931 361 2001 sertim
397 1932 583 2020 qnaesivit,
613 1949 694 2022 quae
722 1930 879 2020 denique
905 1930 948 2002 de
982 1949 1047 2002 suo
1079 1929 1229 2023 adjecit,
1262 1951 1303 2004 ea

239 2056 360 2126 omnia
380 2056 429 2128 ita
449 2056 666 2127 contaminat
687 2062 726 2127 ut
745 2029 877 2146 sapius
897 2061 1128 2145 temperares
1148 2056 1302 2154 localali-

240 2177 385 2268 quando
406 2180 512 2251 etiarn
540 2179 704 2251 homines
729 2177 939 2260 contundat,
962 2178 1123 2256 sabulosa
1149 2180 1304 2270 plurima

239 2303 393 2386 inserat,
414 2310 448 2374 et
467 2303 596 2374 falsum
613 2321 760 2393 prorsus
775 2304 926 2376 colorem
948 2303 1020 2375 iere
1038 2304 1102 2375 toti
1123 2305 1302 2376 contextui

239 2427 377 2499 induat.
414 2425 601 2519 Polybius,
631 2427 743 2500 multo
777 2427 981 2519 diligentior
1009 2428 1242 2519 doctrinaque
1270 2436 1304 2500 et

240 2574 356 2626 rerum
372 2554 609 2644 intelligentia
621 2555 757 2644 potior,
779 2561 933 2626 ceterum
950 2554 1110 2625 Silenum
1128 2552 1304 2644 optimum
1341 2555 1344 2562 '

238 2685 416 2751 auctorem
436 2678 648 2769 plerumque
667 2685 826 2761 secutus
850 2678 951 2749 valde
970 2685 1090 2750 tamen
1114 2684 1302 2768 suspectus

239 2801 279 2872 srt
300 2802 360 2872 ubi
378 2801 422 2873 de
442 2802 670 2893 Scipionibus
690 2803 867 2893 loquitur,
890 2803 985 2894 apud
1003 2822 1093 2893 quos
1114 2802 1300 2875 domestici

239 2927 421 3017 scriptoris
441 2924 556 2997 officio
584 2925 745 2998 sedulius
766 2946 871 3017 quam
900 2926 1005 2998 nobis
1030 2927 1186 3017 placeret
1203 2925 1303 3015 iungi

239 3068 319 3121 eum
338 3045 567 3122 manilestum
588 3057 654 3121 est.
678 3051 749 3120 llos
769 3050 894 3121 ambos
911 3049 1078 3121 adhibuit
1092 3049 1302 3120 Plutarchus

239 3174 429 3264 hujusdem
450 3175 536 3246 belli
555 3174 742 3246 historiam
760 3181 915 3259 tractans
935 3173 973 3244 in
988 3173 1078 3245 Vitis
1099 3173 1253 3262 Marcelli
1269 3179 1304 3245 et
1354 3213 1359 3220 -

241 3299 337 3369 Fabii
357 3299 513 3374 Maximi.
537 3298 626 3381 Sed,
649 3299 734 3371 dum
756 3299 893 3389 Polybii
914 3299 1012 3390 ipsos
1033 3298 1144 3369 libros
1165 3297 1304 3389 legebat

238 3423 287 3494 ita
307 3430 345 3495 ut
365 3443 407 3494 ex
425 3422 471 3526 lis
493 3441 654 3514 magnam
676 3431 810 3514 partem
833 3441 951 3495 rerum
980 3423 1017 3494 in
1044 3422 1165 3495 Sicilia
1189 3428 1303 3513 qesta-

240 3567 317 3619 rum
337 3554 372 3619 el
388 3548 642 3638 Syracusarum
659 3547 884 3620 obsidionem
901 3554 1070 3630 sumeret,
1089 3567 1161 3620 non
1178 3546 1302 3619 eodem

238 3670 344 3743 modo
360 3690 434 3743 rem
451 3673 575 3744 habuit
591 3691 670 3743 curn
686 3671 775 3744 Livii
789 3673 996 3756 annalibus,
1011 3691 1100 3763 quas
1116 3689 1303 3762 nunquam

239 3797 283 3866 ab
304 3815 344 3868 eo
365 3795 472 3867 lectas
493 3796 670 3868 Soltavius
690 3799 890 3868 monstrare
910 3802 1071 3868 conatur.
1101 3797 1187 3880 Quae
1207 3795 1303 3866 enirn

240 3919 385 3990 Liviana
404 3920 542 4002 retulit,
564 3927 728 4010 excerpta
753 3926 838 3991 sunl
857 3938 938 4010 quae
962 3919 1098 3992 invenit
1118 3916 1214 4010 apud
1232 3918 1301 3989 Va-

239 4043 365 4116 lerium
399 4045 592 4118 Maximum
620 4051 682 4116 aut
707 4051 886 4117 auctorem
912 4044 1052 4116 Valerio
1080 4053 1209 4123 usum,
1243 4047 1305 4112 aut

239 4169 479 4259 particulares
497 4172 513 4240 J
519 4171 588 4241 uba
604 4169 741 4241 Livium
759 4169 929 4241 laudante
944 4169 1156 4258 desumpta.
1180 4167 1232 4236 Eu
1247 4183 1304 4237 eo-

239 4293 320 4364 dem
336 4312 479 4384 quoque
495 4295 681 4366 hauriebat
697 4313 778 4383 quae
794 4313 836 4366 ex
848 4293 1158 4382 CiceroueNepole
1174 4296 1209 4362 et
1222 4288 1303 4363 aliis
1440 4307 1443 4310 *
