3490 5318
719 527 899 588 -rtt-

271 663 382 736 iuisso
400 681 472 753 qua
490 662 622 736 Mauris
641 662 880 755 Numidisque
899 663 1043 755 regibus
1062 682 1105 736 ex
1125 662 1200 737 filio
1220 665 1336 757 ipsius

271 785 390 860 herois
410 785 508 878 origo
530 784 767 859 tribuebatur.
786 789 902 880 Typos
922 786 1013 860 circa
1029 785 1150 860 decem
1170 789 1336 864 novimus

271 911 309 983 in
328 912 487 985 nummis
506 912 584 1003 eius
603 910 748 985 incusos
764 913 810 985 ad
824 913 1011 986 Herculem
1029 913 1249 1004 pertinentes
1269 910 1334 1009 (t).

272 1036 364 1108 Sunt
382 1043 501 1108 autem
518 1043 581 1109 aut
600 1036 733 1127 spolia,
756 1037 890 1110 scilicet
908 1037 1013 1128 pellis
1033 1037 1197 1132 leonina,
1219 1039 1334 1122 clava,

271 1178 373 1232 arcus
394 1161 611 1252 sagittaque,
632 1168 695 1233 aut
717 1162 814 1232 clara
841 1163 940 1245 sola,
963 1161 1096 1254 saepius
1118 1169 1237 1236 autem
1256 1181 1338 1255 pro·

276 1290 372 1358 tome
390 1283 567 1376 clavigeri,
586 1284 768 1358 interdum
783 1286 876 1378 pelte
891 1286 1036 1358 leonina
1050 1291 1154 1378 caput
1168 1293 1336 1371 ornante,
1416 1355 1422 1366 .

270 1409 451 1486 interdum
467 1409 667 1485 diademate
683 1411 898 1498 sulmonem
915 1411 1060 1502 quidem
1076 1411 1195 1503 ipsum
1207 1411 1336 1485 tubam

272 1553 351 1609 cum
376 1536 537 1608 Herculis
566 1535 787 1608 ornamentis
814 1535 907 1608 docti
937 1537 1058 1627 plures
1087 1536 1334 1617 crediderunt,
1461 1603 1464 1610 .

272 1661 439 1734 Muellero
467 1641 541 1732 non
568 1659 800 1734 assentiente.
831 1660 987 1733 Adnotat
1015 1661 1110 1733 enim
1136 1661 1237 1733 tubae
1263 1679 1337 1732 nou

273 1803 413 1877 semper
432 1803 511 1859 esse
531 1783 670 1867 faciem,
691 1802 809 1876 neque
828 1785 939 1858 ullius
960 1786 1188 1869 mortalium,
1211 1783 1338 1858 sedan

271 1908 406 1982 artifice
426 1909 559 2000 saepius
579 1910 811 2001 excogitatam
835 1910 945 1983 videri
966 1909 1012 1982 ad
1033 1909 1190 1982 divinam
1213 1929 1339 2000 qoam·

273 2035 354 2107 dam
385 2035 591 2125 imaginem.
618 2034 693 2107 Erit
717 2053 799 2126 ergo
826 2042 888 2107 aut
914 2035 1103 2122 Herculis,
1132 2043 1193 2108 aut
1219 2035 1338 2128 potius

272 2159 356 2242 tilii,
379 2159 453 2230 sive
484 2159 657 2251 Sophacis
682 2159 756 2231 sive
784 2160 888 2243 lolai,
916 2168 1021 2252 caput
1047 2179 1128 2233 cum
1156 2160 1249 2252 pelle
1268 2161 1340 2233 leo·

261 2285 329 2360 nis
356 2283 424 2376 (2).
453 2283 522 2356 Sed
551 2284 722 2378 alterum,
753 2284 955 2358 diademate
980 2287 1135 2357 cinctum
1155 2258 1176 2368 ‚²
1191 2285 1340 2359 minime

272 2406 509 2480 dubitandum
530 2414 585 2480 est
602 2409 689 2497 quin
707 2409 809 2482 Jerbae
829 2409 877 2482 sit
895 2385 1030 2480 claram
1053 2400 1280 2496 sustinentis,
1301 2415 1340 2482 ut

271 2531 371 2604 decet
404 2538 438 2631 et
463 2532 684 2605 Heraclidam
711 2541 745 2605 et
771 2534 931 2606 Herculis
962 2533 1121 2625 lolaique
1146 2534 1334 2606 cultorem.

228 2666 231 2672 ’
270 2659 347 2728 Jam
372 2656 527 2729 vidimus
550 2659 628 2749 eJus
652 2659 768 2749 gentis
793 2677 892 2751 reges
918 2659 1018 2731 divos
1044 2659 1111 2731 sub
1136 2659 1200 2730 illa
1223 2657 1339 2750 effigie

270 2781 393 2863 iactos,
411 2787 451 2852 ut
466 2781 698 2872 imperatores
714 2781 854 2854 romani
869 2783 965 2854 lovis
984 2790 1171 2874 assumpto
1191 2791 1335 2855 ornatu

320 2908 498 2980 Hactenus
513 2906 570 2979 ‘de
596 2906 844 2998 religionibus,
876 2906 978 2994 Quod
998 2906 1044 2979 ad
1066 2909 1150 2999 jura
1170 2908 1338 2998 legesque

270 3031 497 3124 pertineret,¹
520 3029 611 3103 nihil
641 3038 815 3103 mutatum
839 3032 914 3122 J‘am
943 3030 1032 3102 diri.
1059 3030 1129 3103 Sed
1158 3030 1236 3102 iieri
1263 3047 1338 3101 non

271 3155 387 3249 potuit
407 3156 495 3247 quin
516 3156 590 3228 illic
609 3174 673 3248 per
691 3163 744 3229 tot
762 3175 877 3228 annos
893 3134 1058 3228 romanae
1071 3154 1229 3227 civitates
1243 3155 1338 3227 vire-

272 3283 344 3354 rint
374 3299 491 3371 neque
520 3279 718 3372 quidquam
748 3299 791 3353 ex
821 3281 866 3353 iis
896 3280 933 3351 in
962 3298 1077 3353 mores
1109 3286 1143 3353 et
1174 3281 1339 3353 instituta

271 3407 429 3499 gentium
450 3387 620 3497 serperet.
643 3406 713 3478 Sed
733 3407 853 3478 minus
873 3405 910 3478 id
930 3406 1041 3479 icisse
1058 3404 1212 3477 dicerem
1229 3423 1338 3495 quam

271 3531 392 3603 forsan
412 3529 531 3602 credat
548 3530 695 3620 aliquis.
726 3533 798 3602 Par
818 3537 938 3603 mmen
959 3537 993 3603 et
1013 3531 1119 3624 regiae
1138 3529 1338 3603 auctoritati

271 3654 434 3728 additum
455 3653 564 3726 robur
587 3655 675 3726 satis
695 3660 797 3728 erant
816 3660 857 3726 ut
880 3654 992 3726 multa
1016 3655 1055 3725 in
1079 3654 1228 3728 meliora
1250 3672 1336 3728 con·

271 3785 512 3859 verterentur,
553 3776 656 3851 etde
684 3777 741 3849 his
770 3777 892 3869 aliqua
918 3777 1006 3849 dixi.
1044 3779 1114 3851 Sed
1143 3778 1224 3851 licet
1260 3778 1336 3854 cul-

272 3908 364 3986 tura,
386 3901 525 3983 artibus
546 3908 581 3974 et
598 3901 732 3974 divitiis
752 3903 887 3994 major,
908 3921 1022 3975 novus
1042 3909 1162 3977 tamen
1183 3904 1338 3996 populus

305 4211 338 4274 (ι)
355 4210 438 4272 uun,
455 4209 502 4272 ιιι,
519 4225 591 4262 num.
609 4211 706 4273 auae,
722 4212 761 4278 ro,
778 4213 816 4272 rs,
833 4213 872 4274 aa,
888 4212 926 4272 aa,
942 4211 982 4272 er,
996 4211 1035 4274 ao,
1052 4209 1103 4268 ιοι.
1139 4286 1142 4292 ¹

304 4299 344 4364 (ap
356 4297 440 4360 murt,
457 4299 507 4362 ιιι,
522 4315 549 4361 p.
567 4299 620 4354 tra.
