3490 5318
688 586 866 650 -129-

240 721 469 820 Plutarchus)
498 732 532 799 et
560 725 709 820 Augusti
738 722 1004 799 commentariis
1030 723 1216 795 historiam
1244 745 1300 798 ro-

239 871 318 924 rum
333 830 475 923 illarum
493 851 666 941 sumpsit,
685 849 732 922 ita
748 859 787 923 ut
801 849 954 923 bellium
972 867 1112 940 semper
1125 849 1303 941 praecipue

240 981 470 1066 sequeretur,
492 973 654 1047 adhibite
674 973 891 1064 laudatoque
910 974 1042 1064 saepius
1067 973 1246 1064 Augusto,
1269 981 1304 1046 et

239 1077 377 1190 aliquot
396 1099 587 1191 particulas
614 1119 657 1172 en
681 1099 832 1170 aliorum
852 1097 955 1170 libris
975 1116 1181 1188 excerpens,
1204 1097 1303 1170 Adde

239 1221 336 1313 quod
356 1217 549 1294 Antonium
570 1241 659 1311 puer
677 1223 863 1314 AEgyptum
889 1221 1097 1292 adolescens
1121 1220 1301 1294 Orientem

239 1345 312 1420 iere
331 1365 438 1419 senex
460 1340 626 1428 noverat,
648 1346 685 1417 in
705 1347 773 1417 hoc
795 1345 873 1436 ipso
894 1344 1105 1416 militaverat
1124 1345 1241 1427 bello,
1269 1355 1303 1418 et

239 1489 319 1544 euru
339 1472 488 1563 Olympo
506 1470 822 1561 compluribusque
840 1467 920 1542 aliis
937 1467 1132 1559 Cleopatrae
1148 1470 1300 1541 tamilla-

239 1595 339 1667 ribus
359 1577 458 1686 loqui
477 1602 512 1667 et
531 1595 730 1667 conversari
751 1593 887 1667 debuit.
909 1593 1011 1666 Unde
1031 1583 1062 1665 ei
1082 1601 1117 1666 et
1136 1595 1300 1666 voluntas

239 1741 354 1813 usque
380 1718 425 1792 ad
444 1719 584 1811 lempus
605 1720 754 1812 Augusti
778 1703 1009 1810 protrahendi
1033 1720 1238 1801 historiam,
1268 1730 1302 1795 et

238 1844 283 1918 ad
303 1864 380 1918 eam
399 1844 531 1936 optime
551 1841 773 1916 condendam
795 1844 953 1934 locuples
972 1833 1174 1934 eximiaque
1192 1852 1299 1918 mate·

239 1969 303 2041 ria.
326 1967 610 2060 igiturmarime
634 1965 787 2039 bellium
808 1987 828 2038 a
852 1959 1039 2040 Plutarcho
1064 1967 1217 2041 concedo
1243 1988 1302 2041 ex·

237 2113 416 2186 pressum,
438 2092 501 2165 sed
520 2092 704 2164 inventum
725 2092 763 2162 in
779 2092 880 2164 Jubae
896 2084 1070 2176 Historia,
1095 2094 1191 2185 quod
1209 2093 1302 2167 Voll·
1344 2165 1347 2172 .

239 2216 400 2310 graffium
418 2216 553 2289 ielellit.
571 2218 656 2289 Utut
671 2223 738 2300 est,
756 2216 878 2308 gratiae
893 2217 910 2288 J
914 2216 994 2289 ubae
1010 2237 1117 2308 quam
1134 2219 1301 2292 maximae

239 2342 386 2436 agendae
419 2349 504 2414 sunt
536 2340 632 2432 quod
658 2341 764 2413 nobis
792 2348 863 2412 tam
891 2343 1047 2433 pretiosa
1073 2341 1117 2415 de
1144 2343 1300 2416 Antonio

242 2466 428 2558 Cleopatra
448 2472 482 2537 et
501 2465 609 2537 rebus
638 2465 675 2537 in
696 2465 840 2538 Oriente
858 2465 966 2557 gestis
986 2466 1119 2557 optime
1142 2469 1303 2559 exposita

240 2588 399 2673 dederit,
428 2589 606 2680 Delliique
639 2588 683 2661 de
715 2589 888 2662 Parthicis
922 2590 1049 2674 rebus,
1085 2591 1234 2683 Augusti
1259 2592 1303 2665 de

240 2714 333 2813 civili
370 2711 495 2795 bello,
547 2713 793 2786 testimonium
831 2714 937 2786 nobis
977 2733 1040 2805 per
1074 2714 1301 2788 Plutarchum

240 2835 379 2910 reddat.
928 2914 932 2922 ,

287 2961 397 3035 Multa
414 2963 563 3054 insuper
581 2962 665 3047 alia,
687 2981 753 3035 nec
772 2963 894 3035 omnia
913 2963 1011 3054 parri
1033 2964 1219 3050 momenti,
1240 2983 1303 3055 per

239 3086 403 3159 eumdem
429 3085 474 3158 de
499 3085 774 3177 antiquitatibus
800 3087 960 3159 moribus
979 3086 1155 3159 institutis
1177 3091 1302 3160 Roma-

239 3230 367 3284 norum
383 3211 488 3284 nohis
508 3213 615 3284 etiam
631 3210 792 3282 tradidit.
813 3211 1021 3283 Rectissime
1036 3211 1131 3283 enim
1152 3212 1304 3287 Barthus

239 3342 427 3409 monuerat
447 3331 653 3430 ὀμοιότητας
672 3356 692 3406 a
709 3336 896 3408 Plutarcho
912 3335 950 3406 in
968 3335 1220 3413 Quaestionum
1234 3335 1304 3408 Ra·

239 3459 355 3530 monis
374 3467 408 3533 et
426 3461 464 3532 in
483 3457 635 3530 Romulo
649 3457 842 3552 Numaque
858 3479 1063 3551 expressas,
1083 3461 1305 3533 animadver-

240 3591 428 3676 terantque
443 3583 620 3658 Soitavius
636 3592 670 3658 et
685 3585 846 3657 Kellerus
858 3603 983 3678 omnes
995 3586 1067 3658 lere
1078 3604 1137 3658 eas
1153 3586 1305 3677 particu-

240 3709 293 3780 las
310 3727 390 3799 quae
404 3707 667 3800 digressionum
683 3709 754 3780 ritu
768 3707 858 3780 Vitis
877 3708 1116 3781 Romanorum
1133 3709 1303 3800 plurium,

241 3832 305 3928 sed
325 3833 479 3905 manime
499 3832 672 3916 Marcelli,
689 3832 899 3904 inseruntur
917 3833 962 3904 ad
981 3832 1213 3923 antiquitates
1228 3852 1306 3924 per·

241 3959 418 4040 tinentes,
441 3965 502 4030 aut
521 3976 565 4030 ex
585 3977 626 4029 eo
647 3957 770 4048 utique
789 3976 894 4048 opere
913 3963 975 4030 aut
993 3976 1036 4029 ex
1054 3958 1221 4031 Historiae
1240 3959 1307 4028 ilo·

241 4100 358 4156 manae
378 4082 579 4174 subjunctis
594 4071 888 4155 adnotationibus
903 4082 1116 4172 antiquariis
1133 4101 1306 4173 gramma·

243 4209 395 4298 ticisque
419 4207 513 4302 (quae
526 4215 644 4280 tamen
661 4191 704 4280 er
724 4202 935 4301 ‘opporteat
955 4213 989 4278 et
1006 4207 1095 4298 ipsae
1113 4214 1307 4296 assumptae

243 4327 387 4426 luerint)
410 4332 533 4423 procul
554 4329 664 4404 dubio
684 4330 857 4405 derivare.
887 4333 974 4404 Ecce
1001 4338 1119 4404 autem
1140 4331 1307 4421 praeclare

423 4471 452 4515 u.
1131 4451 1149 4514 9
