3490 5318
724 607 882 670 ..99-

272 743 339 815 levi
360 743 575 836 negligentia
589 743 756 834 pertavit.
777 745 881 818 Reote
895 745 990 817 enim
1012 745 1154 818 viduam
1176 746 1331 838 Glaphy-

272 885 368 950 ram,
395 885 582 959 perperam
608 868 735 941 tubam
763 877 942 942 mortuum
972 869 1106 955 tradit,
1136 890 1246 961 quum
1272 870 1334 942 illa

271 991 444 1076 divortio,
475 1010 550 1064 non
575 991 699 1066 iunere
724 991 810 1076 viri,
838 992 886 1066 ad
909 995 1073 1068 Archelai
1101 995 1246 1086 nuptias
1275 1014 1333 1067 va·

271 1121 377 1188 earet.
400 1115 535 1188 Placuit
559 1116 736 1190 sententia
759 1117 799 1188 d.
826 1117 1015 1201 tinellam,
1038 1125 1077 1191 ut
1096 1137 1177 1209 quae
1200 1119 1334 1210 optime

271 1238 460 1312 oonoordat
479 1257 559 1312 oum
584 1240 703 1313 lueida
726 1241 842 1332 ipsius
870 1243 1071 1333 ooujeotura
1096 1243 1225 1316 iubam
1251 1262 1332 1317 oum

272 1363 309 1434 C.
340 1363 478 1437 Caesare
501 1363 540 1435 in
565 1363 709 1437 Oriente
732 1364 872 1447 luisse,
899 1371 933 1438 et
956 1366 1107 1456 oonjecit
1132 1367 1332 1439 valentissi-

270 1506 350 1560 mus
369 1487 423 1559 111
440 1488 588 1561 verbum
607 1487 753 1578 quidem
775 1499 963 1582 μεταστῆναι
983 1508 1053 1579 quo
1072 1490 1250 1580 losephus
1264 1489 1333 1562 uti·

269 1619 327 1684 tur
346 1610 385 1683 in
402 1610 500 1685 ionte
519 1611 575 1684 oui
597 1612 713 1705 attigit
735 1611 780 1685 de
802 1611 1020 1703 protentione
1041 1615 1133 1705 regis
1152 1613 1330 1704 positum,

270 1734 333 1810 sed
360 1735 405 1808 ah
439 1754 479 1809 eo
507 1736 627 1808 minus
655 1743 790 1809 attento
818 1735 863 1809 de
892 1737 992 1810 obitu
1023 1739 1100 1829 ejus
1132 1745 1329 1829 aooeptum.

268 1861 359 1932 luha
382 1861 508 1954 igitur,
531 1861 716 1951 Cleopatra
734 1862 888 1953 amissa,
917 1861 962 1933 ad
982 1861 1116 1934 hellum
1141 1861 1329 1933 Armenia-

269 2003 348 2056 oum
376 1983 638 2075 hrahioumquo
668 1983 865 2078 proiectus,
901 2003 942 2056 eo
971 1985 1119 2057 ineunte
1144 1986 1181 2057 in
1208 1984 1332 2059 ludaea

267 2114 450 2202 moratus,
472 2108 686 2200 Glaphyran
707 2125 853 2180 uxorem
874 2109 1051 2203 sumpsit,
1074 2127 1180 2199 quarn
1207 2117 1331 2200 postea

267 2251 353 2305 ann.
375 2236 418 2305 ll.
440 2235 477 2320 l,
499 2232 620 2305 reliota
640 2232 880 2326 expeditione,
901 2232 1099 2324 repudiavit
1117 2233 1328 2325 priusquam

268 2357 306 2428 in
333 2356 480 2448 Libyam
506 2355 667 2428 rediret:
689 2363 797 2447 alque
822 2358 872 2430 ita
895 2375 958 2449 per
984 2357 1090 2429 breve
1121 2363 1262 2449 tempus
1294 2366 1329 2431 et

267 2482 398 2554 ahsens
424 2499 503 2553 oum
528 2499 569 2553 oa
596 2481 824 2554 matrimonio
851 2483 996 2573 junctus
1024 2482 1103 2554 iuit.
1129 2482 1234 2555 Nullo
1262 2503 1327 2555 au-

266 2613 336 2678 tem
351 2601 529 2696 'scriptore
555 2623 702 2677 romano
725 2606 802 2696 ejus
824 2605 1010 2678 historiam
1036 2605 1200 2679 instituto
1221 2625 1327 2697 opere

265 2732 406 2821 plenam
422 2737 604 2820 totamque
622 2737 803 2817 narrante,
821 2730 958 2803 nemini
977 2747 1099 2802 eorum
1116 2730 1177 2820 qui
1193 2730 1239 2801 ad
1258 2749 1326 2802 nos

264 2862 501 2947 pervenerunt
516 2855 666 2927 ooourrit
681 2862 721 2927 ut
736 2856 924 2946 Glaphyrae
939 2854 1156 2927 mentionem
1175 2853 1322 2937 iaceret:

265 2981 327 3053 sed
345 2981 543 3071 Iosephus,
567 2997 622 3051 res
639 2980 802 3051 ludaioas
822 2986 977 3051 tractans
997 2986 1193 3068 nactusque
1211 2985 1246 3050 et
1263 2979 1325 3051 do·

266 3123 361 3175 mum
381 3105 458 3194 ejus
474 3111 508 3175 et
527 3105 663 3195 ipsam,
686 3111 758 3175 tres
778 3104 854 3194 ejus
872 3103 1017 3174 maritos
1037 3108 1215 3184 numerat,
1236 3121 1324 3193 quo·

263 3247 342 3301 rum
363 3227 541 3301 secundus
560 3227 651 3300 luha
670 3233 735 3299 est.

312 3354 526 3445 Glaphyram
546 3352 774 3425 Mauretaniae
793 3352 951 3423 nummis
977 3369 1162 3441 nunquam
1186 3352 1321 3424 illatam

261 3496 366 3550 nemo
388 3477 587 3549 mirabitur.
606 3478 693 3548 Nam
713 3494 832 3566 neque
850 3475 887 3546 in
908 3476 1162 3548 Mauretaniam
1181 3477 1277 3549 venit
1292 3478 1322 3548 si

263 3620 343 3674 vera
365 3609 450 3674 sunt
473 3618 555 3691 quae
578 3619 687 3691 supra
706 3599 830 3692 retuli,
855 3617 973 3690 neque
996 3599 1058 3672 diu
1078 3600 1175 3690 apud
1193 3601 1320 3672 luham

261 3725 343 3818 init,
364 3743 482 3815 neque
505 3723 615 3816 (quod
635 3722 756 3795 omnia
775 3720 898 3813 anteit)
926 3722 1069 3813 proprio
1092 3725 1172 3812 jure
1197 3741 1320 3814 regna·

260 3849 321 3922 vit.
344 3849 451 3921 hliud
470 3854 589 3921 autem
609 3849 717 3939 hujus
737 3855 771 3920 et
787 3848 887 3919 luhae
901 3854 1173 3919 monumentum
1191 3853 1258 3940 est,
1278 3848 1321 3919 ti·

260 3975 357 4046 tulus
384 3973 518 4046 seilioet
543 3971 773 4044 Atheniensis
795 3990 816 4043 a
836 3973 1057 4042 Mommseno
1081 3976 1115 4043 et
1142 3969 1320 4043 indicatus

260 4106 295 4170 et
311 4097 458 4171 lelioiter
473 4096 678 4188 suppletus,
700 4096 762 4186 qui
783 4095 832 4168 ita
850 4102 904 4168 est
927 4091 974 4188 (ll
1001 4119 1008 4166 :

290 4350 322 4413 (n
342 4349 406 4413 apo.
421 4362 470 4414 ῳ,
488 4347 557 4409 isra,
572 4364 598 4413 p.
611 4346 666 4398 rra.
