3490 5318
865 522 1025 582 ..74-

413 659 506 750 jura.
521 657 676 751 Regibus
687 657 784 730 enim
798 657 931 730 loedere
943 667 1037 732 eerto
1051 665 1208 751 potestas
1223 658 1475 744 definiebatur,

416 801 517 874 quae,
540 788 693 854 ceterum
713 783 897 867 absoluta,
920 785 958 854 in
978 785 1036 856 his
1059 785 1214 856 maxime
1232 783 1384 856 limitata
1403 792 1479 858 erat

415 907 512 1000 quod
527 907 660 979 amieos
671 909 865 999 hostesque
879 909 1002 1000 populi
1019 910 1158 981 romani
1170 908 1240 981 sihi
1255 909 1376 1000 hostes
1393 913 1478 982 ami·

415 1053 546 1127 eosque
561 1034 711 1116 hahere,
733 1033 850 1106 loedus
870 1035 1010 1106 nullum
1026 1035 1098 1107 nisi
1115 1042 1240 1107 senatu
1259 1034 1478 1108 assentiente

368 1239 372 1246 ,
415 1160 690 1251 ioere‚denique
701 1179 829 1232 aureos
841 1179 1023 1243 nummos,
1036 1160 1216 1233 interdum
1232 1179 1278 1232 ne
1292 1167 1476 1252 argenteos

415 1284 575 1377 quidem,
596 1303 825 1376 nequaquam
843 1285 972 1357 cudere
992 1291 1157 1376 poterant
1172 1283 1236 1379 (l).
1249 1284 1404 1377 Regibus
1419 1305 1477 1357 au·

414 1417 485 1482 tem
505 1411 733 1483 Mauretaniae
757 1410 982 1501 privilegium
1004 1409 1048 1481 de
1069 1412 1136 1482 hae
1158 1412 1284 1483 ultima
1305 1429 1344 1482 re
1366 1409 1477 1482 luisse

414 1533 532 1606 credet
546 1534 667 1606 forsan
682 1534 828 1624 aliquis,
838 1553 950 1626 quum
964 1534 1135 1607 Caesareae
1149 1553 1279 1607 aureus
1295 1535 1476 1608 Ptolemaei

342 1721 347 1730 .
413 1677 584 1731 nummus
600 1659 767 1731 inventus
784 1660 843 1732 sit.
857 1658 927 1731 Sed
942 1659 1046 1742 milri,
1057 1678 1169 1751 quum
1185 1677 1372 1731 nummum
1382 1660 1477 1752 prin-

412 1802 495 1876 eeps
515 1784 657 1856 ederem
676 1780 748 1879 (R),
773 1784 907 1876 placuit
923 1785 1100 1856 contraria
1117 1784 1254 1876 opinio.
1279 1787 1357 1858 Non
1380 1785 1476 1857 enim

410 1908 525 1995 lubae,
537 1909 601 1982 sed
612 1909 793 1982 Ptolemaei
813 1909 956 1981 unicum
973 1909 1042 1981 hoo
1057 1910 1237 2001 specimen
1254 1917 1321 1995 est,
1341 1917 1375 1982 et
1389 1911 1475 1982 anni

410 2012 484 2106 ἶνῖι
500 2035 599 2126 regni
619 2042 741 2107 notam
761 2035 882 2117 habet,
904 2035 967 2125 qui
986 2033 1105 2125 reipsa
1122 2034 1271 2107 ultimus
1291 2035 1375 2118 luit,
1393 2054 1475 2107 nam

410 2159 449 2231 in
468 2139 556 2232 Mi
577 2161 724 2231 Romam
756 2166 900 2231 vocatus
921 2177 983 2232 rer
1002 2158 1150 2230 interiit.
1174 2159 1354 2250 Suspieari
1371 2179 1475 2250 posse

411 2284 500 2355 milri
516 2285 614 2356 visus
634 2303 714 2356 sum
731 2285 961 2357 Ptolemaeum
978 2285 1057 2356 sine
1069 2285 1149 2376 jnre
1165 2304 1293 2357 aureos
1309 2304 1475 2358 nummos

410 2413 496 2479 tuno
510 2407 667 2490 feriisse,
684 2427 816 2500 paueos
834 2428 936 2493 sane,
952 2428 1055 2492 nam,
1073 2409 1159 2482 dum
1175 2410 1476 2504 valdesnumerosi

410 2531 472 2605 alii
492 2532 569 2623 ejus
590 2539 792 2618 occurrunt,
814 2553 910 2606 unus
929 2534 988 2606 irio
1006 2534 1124 2606 adhue
1142 2533 1316 2618 innotuit;
1337 2536 1476 2627 luitque

410 2657 532 2731 forsan
557 2658 595 2730 id
620 2658 714 2730 inter
737 2659 888 2731 erimina
908 2658 1041 2750 quibus
1064 2666 1183 2761 motus
1211 2637 1370 2750 Caligula
1393 2676 1475 2732 eum

411 2801 475 2875 per
490 2784 713 2873 juventutem
739 2789 773 2855 et
799 2784 930 2855 fastum
958 2784 1070 2854 multa
1091 2782 1354 2875 imprudenter,
1375 2784 1476 2857 ineu·

298 2915 300 2919 ’
411 2906 526 2992 riose,
555 2908 730 2997 superbe,
752 2908 857 2999 plura
875 2926 938 2998 per
958 2905 1125 2989 libertos,
1147 2913 1309 2998 agentem
1330 2927 1476 3000 oppres·

411 3032 459 3104 sit
481 3028 545 3126 (5).
566 3032 758 3118 Quodnisi
779 3031 995 3104 eredendum
1016 3032 1168 3117 videtur,
1191 3039 1277 3105 tune
1291 3033 1359 3105 hoe
1376 3033 1476 3106 aliud

410 3165 608 3249 proponam
636 3182 644 3229 :
674 3158 800 3229 Gaium
830 3157 984 3241 scilieet,
1011 3165 1051 3230 ut
1076 3159 1214 3231 eratin
1240 3159 1338 3231 omni
1367 3157 1476 3232 read

411 3281 602 3353 immodica
629 3302 783 3373 pronus,
814 3290 953 3355 tantum
980 3283 1070 3356 illud
1098 3284 1322 3376 privilegium
1345 3303 1472 3358 eonso·

410 3404 515 3477 brino
546 3404 687 3501 (nempe
708 3408 813 3480 ambo
834 3409 1001 3494 Antonii,
1031 3411 1120 3483 alter
1143 3429 1255 3502 nepos
1282 3411 1371 3483 alter
1393 3430 1474 3502 pro·

411 3547 545 3622 nepos,
568 3537 718 3622 uterque
745 3552 789 3606 er
812 3532 907 3620 filia,
935 3534 1048 3629 erant)
1079 3535 1165 3608 dum
1192 3554 1273 3609 eum
1300 3535 1475 3629 ingratia

411 3653 558 3728 haberet
576 3656 760 3760 tribuisse.
783 3659 854 3732 Sed
874 3666 953 3732 utut
971 3667 1043 3745 est,
1063 3680 1182 3754 neque
1200 3660 1246 3733 ad
1263 3678 1378 3733 annos
1394 3661 1473 3733 Pto·

411 3777 528 3854 lernaei
546 3780 619 3854 nisi
646 3782 811 3868 ultimos,
831 3803 950 3876 neque
976 3786 1124 3860 omnino
1144 3787 1190 3859 ad
1214 3793 1353 3862 aetatem
1372 3785 1485 3862 lubae„

440 4113 475 4179 (Ι)
490 4113 575 4177 Bohn,
591 4117 625 4166 lle
639 4117 713 4169 cond.
727 4130 790 4184 rag„
805 4131 829 4170 c.
847 4118 881 4168 V.

443 4202 638 4268 (illinitum.
653 4206 714 4272 asa,
724 4207 751 4266 l,
767 4209 830 4260 lose.
845 4209 869 4259 5.

441 4291 476 4357 (3)
488 4292 561 4357 Tae„
578 4297 659 4359 dom,
672 4295 719 4360 IV,
734 4297 774 4350 23.
