3490 5318
692 568 730 579 -
751 531 810 596 too
832 567 872 582 -

251 677 361 769 Libya
380 682 547 749 oraverat.
570 676 648 750 Nun
664 677 872 767 AEgyptum,
892 675 956 748 sed
972 675 1201 757 Ptolemaeos,
1219 693 1313 750 oom-

251 799 440 875 memorari
460 800 651 872 voluerunt
670 806 704 872 et
721 799 801 892 ipsa
815 805 850 871 et
863 799 955 873 Juha
969 805 1003 872 et
1017 802 1186 891 Prineeps
1207 806 1314 890 atque

252 927 357 998 etiam
383 925 639 1025 eeteriqpopuli
662 925 794 1001 :testis
823 926 869 997 sit
895 943 1065 1002 nummus
1090 924 1315 1016 Carthaginis

252 1051 358 1124 Norae
372 1049 438 1140 qui.
449 1048 550 1125 iubae
565 1048 663 1119 liviri
680 1068 716 1140 q.
734 1068 770 1142 q.
790 1066 923 1121 nomen
941 1049 1086 1141 quidem
1102 1067 1228 1140 gerens
1249 1048 1313 1142 (1),

254 1175 395 1266 signum
420 1180 540 1246 tamur
570 1173 822 1246 Ptolemaieum
845 1193 867 1245 a
891 1173 1077 1266 Cleopatra
1104 1181 1315 1265 usurpatum

255 1298 375 1386 habet,
396 1297 434 1371 id
453 1303 507 1370 est
529 1297 635 1375 isidis
654 1298 875 1390 symbolum
894 1316 1101 1388 quanquam
1120 1298 1223 1373 nimii
1244 1315 1318 1376 mo·

256 1421 366 1496 menti
392 1441 466 1494 nou
489 1429 544 1495 est
569 1423 821 1498 aestimandum
848 1424 1081 1515 aegyptiacum
1108 1425 1249 1516 signum
1279 1425 1317 1494 in

257 1547 396 1639 Libyeis
422 1548 604 1631 nummis,
635 1547 732 1638 quod
758 1548 797 1618 in
824 1547 1181 1640 Carthaginiensibus
1209 1548 1319 1621 inter-

257 1671 342 1744 dom
362 1670 543 1745 invenitur
563 1678 597 1744 et
610 1670 807 1744 Numidicis
827 1672 918 1744 Juba
936 1671 1215 1768 antiquioribus.
1239 1674 1321 1744 Suc·

258 1797 367 1870 currit
378 1815 476 1869 nuno
486 1797 688 1892 conjectura
701 1815 808 1889 quam
820 1798 894 1887 jam
911 1796 956 1869 de
970 1797 1318 1882 iratribus-iacimus,

259 1921 393 1994 soilioet
413 1922 508 2012 regio
528 1921 606 2012 eius
625 1921 786 2005 nomini,
807 1922 853 1994 ab
871 1921 1027 1993 Antonio
1054 1927 1155 2012 patre
1178 1929 1321 2013 aooepto

260 2065 370 2138 quum
399 2045 431 2118 ei
460 2046 652 2137 Cyrenaioa
680 2045 948 2129 destinabatur,
982 2045 1120 2137 aliquid
1146 2044 1321 2120 tributum

260 2169 371 2243 tuisse
393 2194 401 2240 ε
425 2176 524 2242 tanta
548 2171 818 2244 Ptolemmorum
844 2171 1010 2262 sanguini
1036 2189 1099 2262 per
1125 2171 1247 2243 orbem
1269 2191 1322 2244 re·

262 2295 417 2367 verentia
435 2301 470 2366 et
486 2295 632 2368 Antonii
653 2296 769 2370 soboli
788 2295 884 2387 apud
903 2296 1102 2387 Augustum
1123 2297 1235 2388 gratia
1249 2295 1323 2369 iue‘·

262 2426 356 2494 runt.
379 2419 552 2492 Similiter
577 2428 613 2494 et
637 2419 935 2512 Pythodoridem,
962 2420 1157 2512 legitimam
1177 2420 1323 2512 quidem

263 2544 326 2617 sed
344 2543 491 2617 Antonii
506 2551 645 2617 tantum
665 2563 708 2617 ex
728 2544 803 2617 filia
820 2552 962 2636 neptem
981 2551 1017 2617 et
1035 2545 1080 2617 ab
1101 2546 1213 2618 altera
1226 2553 1326 2638 parte

263 2668 479 2758 priuatorum
500 2668 674 2759 sanguine
694 2674 832 2751 natam,
857 2667 1079 2743 nobilitatem
1101 2675 1136 2740 et
1150 2669 1233 2758 jura
1251 2687 1325 2742 ma·

260 2793 339 2881 jora
362 2792 448 2864 iiliis
473 2792 551 2874 suis
574 2792 738 2876 dedisse,
762 2811 968 2886 quenquam
995 2798 1095 2884 pater
1116 2811 1239 2867 eorum
1265 2812 1326 2866 ren

264 2916 367 2988 Ponti
388 2916 524 2988 dudum
543 2923 627 2990 ante
646 2917 755 2992 iaetus
770 2937 850 2990 oum
867 2935 909 2989 ea
928 2916 1073 3009 nuptias
1091 2917 1232 3002 fuisset,
1254 2911 1328 2990 reo·

264 3042 403 3117 tissime
422 3043 666 3124 Mommsenus
690 3042 842 3117 monuit.
867 3042 961 3128 Quin
981 3042 1087 3117 etiam
1107 3042 1326 3133 gentilicium

265 3166 418 3260 posteris
444 3167 520 3240 suis
548 3167 717 3250 tradidit,
746 3166 808 3262 qui
836 3166 982 3239 Antonii
1015 3166 1179 3250 tuoruum
1211 3186 1328 3260 neque

266 3293 369 3366 aliter
395 3292 486 3365 mihi
510 3311 590 3365 oum
616 3292 881 3386 Cleopatranos
908 3291 1020 3365 inisse
1038 3291 1195 3380 ridetur,
1217 3312 1329 3385 quum

267 3419 335 3490 hoo
354 3436 484 3492 nomen
506 3418 688 3494 Ptolemaei
704 3416 845 3510 hagidis
865 3417 1053 3491 manifeste
1067 3418 1237 3510 gentilioii
1252 3420 1330 3491 looo

268 3543 386 3625 fuerit,
409 3548 448 3614 ut
467 3543 616 3614 Arsaces
637 3542 848 3614 Parthorum
868 3541 1029 3634 regibus,
1053 3549 1087 3614 et
1103 3542 1149 3615 ab
1167 3561 1330 3634 unoquo-

269 3685 339 3756 que
361 3684 404 3738 ex
427 3666 567 3757 antiqui
594 3667 727 3739 Soteris
751 3666 903 3757 posteris
926 3685 1006 3737 oum
1033 3668 1178 3759 proprio
1204 3684 1332 3759 eogno-

270 3791 367 3864 mine
386 3798 582 3882 aoueptum.
608 3791 739 3882 hiique
757 3790 906 3881 insuper
923 3791 1076 3862 Selenen
1096 3791 1293 3863 reverentia
1312 3812 1333 3863 a

269 3915 360 3987 Juba
381 3916 539 3988 habitam
563 3915 653 3987 iliud
676 3932 820 4006 quoque
847 3921 1047 3987 monstrare
1072 3914 1211 3987 uidetur
1235 3915 1334 4006 quod

272 4057 348 4111 eam
362 4041 563 4112 Graecorum
581 4041 894 4128 Romanorumque
911 4038 1166 4113 moreuuioam
1186 4056 1333 4112 uxorem

302 4293 335 4359 (1)
355 4293 439 4360 Muli,
457 4292 508 4354 111,
524 4310 597 4349 num.
615 4296 667 4346 108.
