3490 5318
861 539 1040 604 -lla-

415 683 565 756 Romani
592 700 655 774 per
690 679 827 754 litteras
859 677 1069 769 poesimque
1103 677 1264 768 ignotum
1299 675 1481 768 prioribus

414 806 555 882 saeculis
574 803 683 879 decus
708 803 842 896 liuguae
861 821 937 877 suae
956 800 1116 886 addunt,
1141 801 1211 893 ipsi
1231 807 1350 875 vastos
1370 801 1481 874 histo·

414 933 497 1004 rica
515 929 686 1004 doctrinae
704 928 892 1001 thesauros
910 927 983 1000 acri
1003 944 1111 1018 opera
1131 927 1372 1010 constituunt,
1393 944 1481 1018 quo·

415 1075 495 1128 rum
514 1055 678 1146 exempla
697 1052 846 1126 referam
865 1051 999 1123 Nicolai
1018 1050 1229 1124 Damasceni
1248 1047 1429 1121 Historias
1447 1055 1482 1123 ot

416 1178 562 1252 biodori
581 1173 844 1250 bibliotecam.

464 1301 615 1392 Reliqua
632 1299 734 1373 iubae
753 1316 861 1391 opera
884 1317 957 1372 nou
981 1305 1053 1372 mm
1077 1299 1140 1372 alti
1164 1299 1340 1391 propositi
1359 1304 1478 1383 erant,

416 1427 628 1520 plerumque
662 1425 709 1497 ad
736 1430 950 1516 praesentem
985 1424 1229 1498 studiosorum
1260 1442 1366 1498 usum
1394 1443 1479 1497 con·

417 1551 568 1642 scripta;
615 1566 733 1641 neque
762 1548 854 1622 tuba
885 1548 985 1622 aliud
1013 1549 1126 1622 voluit
1155 1548 1226 1622 nisi
1261 1549 1392 1642 punica
1420 1555 1482 1623 aut

417 1673 529 1745 latina
542 1679 604 1746 aut
623 1671 810 1746 immensae
829 1673 935 1745 molis
951 1671 1143 1766 ingrataevo
1160 1673 1283 1748 iormae
1300 1674 1483 1747 volumina

417 1799 616 1889 exprimere
628 1804 667 1869 ut
681 1815 804 1869 eorum
819 1816 964 1871 succum
978 1805 1013 1871 et
1026 1798 1223 1872 medullam
1234 1799 1363 1873 Grecis
1372 1817 1483 1892 gram

417 1921 579 1994 conditos
611 1921 799 2013 praeberet.
829 1921 940 2013 Igitur
968 1921 1040 1994 otia
1072 1942 1138 1995 sua
1171 1922 1358 2015 vulgandae
1387 1921 1483 2014 apud

418 2046 557 2118 Graecos
584 2063 696 2136 quum
715 2045 912 2138 peregrinae
936 2051 1011 2118 tum
1039 2051 1074 2118 et
1099 2036 1299 2119 vernacule
1325 2044 1484 2120 scicntia

418 2168 500 2242 dier
518 2170 626 2242 homo
646 2169 889 2262 impendebat.
914 2169 1092 2244 Praedives
1112 2177 1147 2244 et
1167 2170 1409 2254 doctissimus,
1429 2169 1483 2243 in·

418 2291 522 2383 genio
542 2311 653 2383 quum
673 2292 825 2385 eleganti
845 2300 921 2365 tum
941 2294 1114 2366 eximium
1133 2294 1172 2366 in
1199 2293 1346 2366 modum
1369 2294 1480 2377 culto,

418 2423 525 2500 artes,
539 2434 664 2488 omnes
678 2415 887 2508 disciplinas
903 2436 1044 2490 summo
1056 2417 1175 2490 studio
1188 2419 1262 2509 jam
1279 2418 1481 2510 amplexus,

418 2539 671 2613 bibliothecam
686 2541 868 2633 ingentem
887 2548 922 2613 et
936 2560 1112 2614 musaeum
1128 2549 1404 2634 comparaverat.
1421 2542 1484 2616 Ce-

421 2671 534 2737 terum
553 2666 724 2738 excellere
739 2667 902 2758 cupiens,
920 2667 1042 2758 gloriae
1060 2666 1164 2739 lamae
1179 2666 1327 2739 laudum
1341 2665 1481 2749 avidus,

419 2806 707 2880 aequareque
733 2789 772 2862 in
796 2790 905 2864 armis
932 2809 1050 2883 neque
1075 2791 1178 2864 aliter
1206 2790 1332 2864 sectari
1356 2789 1485 2864 licebat

419 2913 547 2988 litteris
564 2915 714 3008 adipisci
734 2916 860 2988 voluit.
882 2918 925 2989 Et
943 2935 1083 2989 summa
1102 2915 1307 3008 diligentia,
1329 2921 1369 2987 ut
1388 2933 1485 3006 quae·

421 3057 491 3130 que
515 3057 573 3113 res
594 3039 707 3132 magis
732 3041 932 3132 placuerat,
958 3041 1005 3114 ad
1029 3060 1105 3115 eam
1131 3039 1347 3133 pertinentia
1372 3038 1486 3111 multa

421 3182 464 3236 ex
485 3164 548 3238 illo
568 3183 716 3257 operum
737 3165 913 3258 cuiusque
932 3166 1073 3260 generis
1094 3166 1262 3238 thesauro
1286 3163 1487 3255 desumpsit

421 3287 516 3358 etin
542 3287 655 3360 libros
681 3290 882 3381 composuit
903 3312 912 3359 ε
933 3287 1136 3373 laudando,
1162 3294 1244 3362 utut
1264 3294 1338 3372 est,
1364 3285 1485 3358 labore

421 3409 638 3484 immensum
663 3420 874 3486 consecutus
902 3413 999 3507 apud
1022 3414 1202 3495 rhetores,
1227 3411 1483 3504 philosophos,

422 3537 683 3626 grammaticos,
706 3538 877 3628 graeculos
895 3537 1052 3628 denique
1071 3555 1209 3619 omnes,
1231 3536 1399 3609 lavarem.
1416 3536 1486 3608 Nec

423 3659 597 3732 minorem
625 3661 722 3753 apud
747 3668 909 3753 posteros
929 3662 1117 3755 sperabat,
1145 3680 1188 3733 ex
1210 3659 1364 3733 conditis
1383 3659 1485 3731 libris

422 3781 627 3858 haurituros
647 3792 686 3858 ut
709 3787 787 3879 ipse
804 3805 848 3859 es
863 3786 1094 3871 bibliotheca,
1114 3805 1195 3879 quae
1209 3804 1291 3878 spes
1310 3803 1392 3858 eum
1412 3801 1485 3856 uon

423 3905 558 3981 ieiellit.

472 4030 543 4123 Ego
567 4051 649 4106 vero
672 4031 717 4107 da
740 4035 817 4127 eius
850 4036 1019 4128 operibus
1049 4037 1123 4128 jam
1151 4033 1330 4128 copiosius
1364 4032 1485 4106 lorsan

421 4155 562 4230 locutus
584 4177 664 4230 sum
685 4179 792 4250 quam
815 4178 880 4252 pro
899 4160 982 4233 libri
1010 4158 1080 4233 mei
1107 4159 1258 4233 ratione.
1280 4158 1382 4245 Quod
1401 4176 1484 4251 pro·

422 4279 511 4356 lecto
535 4282 645 4356 vitare
672 4283 887 4368 voluissem,
909 4284 980 4356 nisi
1005 4285 1104 4356 locus
1131 4285 1176 4357 iis
1196 4290 1291 4357 esset
1317 4285 1423 4356 etiam
1447 4283 1485 4355 in
