3498 5324
745 630 905 690 ..57-

292 774 394 846 iaoiie
415 772 598 844 vincentes
619 769 715 860 quod
743 769 856 859 major
878 787 961 860 pars
987 768 1146 840 melioris
1165 776 1266 842 erant
1292 771 1357 843 aevi

292 904 542 980 monumenta,
566 895 678 969 multa
696 914 818 987 regum
838 894 987 986 Augusti
1008 893 1212 983 Tiberiique
1233 912 1355 984 aequa·

292 1023 394 1095 lium.
417 1021 488 1094 Sed
507 1039 547 1092 ea
566 1020 674 1093 hodie
698 1027 760 1092 aut
786 1024 886 1091 eruta
901 1020 1021 1109 jacent
1044 1025 1105 1090 aut
1127 1017 1274 1090 omnino
1294 1036 1357 1110 pc·

293 1147 449 1228 cierunt,
478 1152 539 1217 aut
562 1152 701 1218 tautum
725 1144 851 1216 mutila
871 1149 1064 1234 supersunt
1083 1149 1123 1215 ut
1141 1148 1227 1214 aetas
1247 1143 1360 1215 forma

293 1269 383 1342 ratio
417 1287 539 1343 eorum
572 1287 645 1340 non
678 1275 858 1361 appareat.
887 1269 1010 1359 Neque
1039 1286 1199 1358 unquam
1234 1268 1360 1341 ordine

294 1382 387 1467 oerto
414 1394 706 1485 investigationes
731 1392 831 1465 iactae
866 1402 969 1472 suut,
992 1392 1056 1465 sed
1081 1392 1202 1464 omnia
1227 1400 1360 1467 temere

294 1520 465 1592 radicitus
485 1536 627 1601 eversa,
649 1518 779 1590 misere
799 1524 983 1608 corrupta,
1007 1518 1169 1590 consulto
1190 1518 1357 1609 expilata.

294 1644 438 1723 Manent
464 1649 582 1714 tamen
608 1661 689 1732 quae
708 1641 864 1732 priscum
889 1642 988 1713 urbis
1009 1642 1113 1732 regia
1132 1643 1359 1733 splendorem

293 1774 328 1840 et
346 1768 575 1858 aliquatenus
595 1773 726 1838 statum
754 1785 794 1837 ac
816 1766 965 1837 formam
987 1767 1253 1874 inquirentibus
1278 1787 1360 1860 ape·

294 1893 401 1975 ciant,
417 1911 625 1983 quanquam
641 1893 726 1964 dum
742 1911 804 1983 per
825 1893 929 1983 longa
945 1894 1075 1965 saecula
1089 1893 1221 1966 florens
1237 1895 1360 1966 civitas

295 2026 414 2090 manet
442 2025 476 2090 et
509 2019 604 2109 apud
641 2038 679 2090 se
712 2018 820 2090 hahet
846 2017 1086 2110 Augustorum
1115 2027 1360 2109 procuratores

299 2141 420 2236 (immo
454 2150 488 2214 et
526 2143 804 2233 imperatoribus
838 2162 981 2232 quoque
1014 2145 1149 2216 natales
1181 2145 1357 2234 praebuit,

296 2269 451 2340 Macrino
477 2269 611 2340 scilicet
633 2275 667 2340 et
686 2264 1009 2359 ntadumemano),
1032 2270 1144 2341 multa
1171 2277 1357 2353 renovata,

295 2393 455 2476 condita,
484 2399 618 2465 mutata
637 2392 798 2475 fuerunt,
821 2412 887 2464 uec
906 2392 1007 2465 facilc
1033 2393 1063 2465 si
1088 2393 1176 2484 quid
1194 2395 1295 2467 June
1314 2395 1361 2468 sit

294 2519 419 2607 utique
446 2517 713 2590 attribuendum
743 2519 911 2590 cernitur.
938 2521 1092 2603 Tamen,
1114 2539 1226 2610 quum
1252 2521 1297 2592 ab
1318 2539 1359 2593 eo

294 2642 437 2715 initium
470 2641 672 2733 splendoris
701 2650 735 2714 et
762 2644 953 2715 maximam
979 2623 1116 2716 decoris
1143 2645 1199 2716 sui
1223 2651 1358 2735 partem

295 2764 456 2835 Caesarea
479 2763 657 2845 habuerit,
681 2763 797 2855 qualis
818 2765 864 2836 sit
883 2765 1036 2838 breviter
1055 2765 1169 2838 dicam
1195 2764 1258 2860 (i).

344 2891 406 2960 Est
437 2888 612 2960 hodierna
641 2889 826 2961 Charcheil
854 2888 991 2962 modica
1020 2891 1084 2963 sed
1113 2892 1208 2963 bona
1237 2892 1359 2964 civitas

295 3032 375 3104 quae
394 3014 503 3102 huius
527 3013 639 3103 partis
664 3015 793 3086 littoris
817 3035 923 3105 quarn
945 3016 1106 3087 Caesarea
1125 3017 1268 3088 tenebat
1287 3036 1360 3089 me·

295 3137 393 3208 dium
414 3144 561 3228 occupat
581 3139 714 3225 locum,
736 3139 774 3209 iu
795 3138 964 3230 decagoni
984 3140 1133 3211 formam
1153 3141 1247 3212 intra
1268 3159 1357 3214 ruoe·

294 3264 355 3333 nia
377 3263 560 3347 conclusa,
583 3262 684 3355 cujus
704 3263 888 3354 longitudo
916 3282 961 3335 ue
985 3283 1065 3336 cccc
1089 3264 1234 3354 quidem
1259 3285 1356 3356 pass.
1382 3250 1388 3266 ’

294 3387 440 3478 implet;
459 3386 521 3459 sed
542 3387 702 3460 Caesarea
722 3388 777 3460 cui
793 3387 906 3459 torma
922 3388 1019 3460 haud
1038 3391 1150 3462 multo
1171 3390 1359 3463 dissimilis

295 3519 390 3595 erat,
423 3512 504 3602 pius
537 3531 607 3584 unc
639 3530 736 3602 pass
773 3511 895 3603 longa,
929 3532 995 3585 uec
1027 3514 1123 3604 targa
1154 3514 1233 3585 iuit.
1268 3514 1360 3586 Juba

294 3645 413 3710 tamen
439 3645 609 3728 regnante
633 3656 705 3708 nou
734 3643 869 3709 tantum
894 3638 999 3728 spatii
1025 3639 1117 3710 muri
1141 3639 1218 3728 ejus
1238 3639 1356 3730 cinge-

293 3761 398 3844 hant,
421 3762 484 3835 sed
503 3780 626 3834 eorum
649 3761 795 3853 vestigia
814 3762 895 3851 plus
915 3780 1023 3852 quarn
1044 3781 1140 3853 pass.
1165 3781 1245 3834 cccc
1266 3769 1358 3834 retro

326 4043 359 4106 (i)
382 4041 441 4092 Non
463 4046 514 4092 tam
538 4043 691 4106 imperfecta
712 4042 854 4105 descriptio
875 4056 938 4092 cum
953 4042 1041 4092 tabula
1057 4043 1208 4092 invenietur
1227 4044 1255 4092 in
1278 4044 1359 4094 decer

294 4130 436 4195 africanae,
455 4129 529 4190 1870,
542 4146 567 4195 p.
589 4130 709 4187 tte-1652
733 4145 817 4194 neque
834 4132 931 4180 frustra
949 4131 1051 4195 legetur
1073 4129 1166 4182 doctus
1185 4145 1215 4182 ac
1235 4135 1360 4182 strenuus

294 4220 434 4272 vierrou
450 4220 649 4282 devincimus,
666 4222 771 4272 Hierion
786 4234 817 4270 cn
831 4220 944 4282 Aledio,
960 4237 985 4286 p.
999 4220 1074 4283 Μὴ
1090 4226 1168 4284 atque
1183 4223 1360 4272 evetustiori-

295 4315 357 4373 bus,
374 4317 470 4376 praeter
484 4312 615 4374 inclytum
631 4313 710 4375 hujus
724 4325 778 4360 orae
792 4312 986 4375 exploratorem
1001 4309 1154 4369 Shauiurn.
1170 4310 1240 4361 dixit
1252 4310 1284 4360 de
1299 4310 1359 4362 [3ae-

295 4415 369 4450 saraa
383 4399 504 4466 iubaque
517 4401 608 4464 Belley
622 4402 710 4461 abbas,
726 4401 752 4448 in
768 4401 844 4448 trud.
859 4399 878 4448 1.
890 4407 911 4449 et
926 4402 1002 4457 Bet..
1015 4405 1033 4451 t.
1047 4412 1163 4459 xxxvur,
1178 4411 1240 4448 cum
1252 4399 1357 4448 tabulis.
