3490 5318
881 525 1061 588 -130-

434 669 630 742 Glaesserus
650 665 828 757 quidquid
842 671 896 738 est
910 664 1142 738 varronianae
1157 666 1253 756 apud
1269 667 1498 746 Plutarchum

433 790 604 864 doctrina
623 808 665 862 ex
684 788 776 861 luha
794 787 914 862 venire
934 788 1054 861 docuit
1076 813 1085 860 ε
1106 789 1254 882 vestigia
1273 793 1495 866 numerosis-

433 917 544 998 sima,
562 915 647 987 dum
668 914 879 986 Plutarchus
898 912 1015 986 decies
1035 913 1167 1004 septies
1186 915 1203 986 J
1208 913 1314 987 ubam
1335 917 1498 988 nomina·

432 1041 497 1112 tim
517 1041 620 1122 citat,
639 1038 832 1110 Varronem
853 1035 977 1108 novies
995 1037 1138 1122 laudat,
1163 1039 1297 1130 saepius
1320 1058 1394 1115 non
1418 1041 1495 1114 lan·

433 1165 515 1238 dato
536 1165 660 1237 utitur.
681 1164 869 1234 Plutarcho
890 1161 986 1234 enim
1006 1180 1084 1235 mos
1104 1170 1179 1234 3131
1197 1170 1360 1236 auctores
1380 1171 1498 1238 aucto·

433 1309 512 1362 rum
532 1306 678 1361 suorum
697 1287 817 1378 potins
841 1306 948 1379 quam
969 1287 1068 1379 ipsos
1087 1287 1216 1368 citare,
1239 1288 1346 1360 modo
1367 1307 1497 1362 nomen

432 1420 650 1496 occurrerem
668 1418 702 1484 et
715 1430 782 1483 nos
797 1430 878 1484 eum
895 1410 991 1503 apud
1005 1411 1133 1484 Jnham
1150 1411 1224 1503 jam
1244 1411 1381 1486 Livium
1401 1432 1498 1486 nunc

432 1539 626 1610 Varronem
664 1555 745 1609 mox
780 1535 990 1627 Dionysium
1021 1535 1227 1628 cognovisse
1267 1537 1424 1622 scimus,
1459 1544 1498 1618 nt

432 1663 522 1736 alios
556 1663 688 1735 multos
720 1661 881 1734 omittam
908 1679 930 1732 a
956 1660 1089 1751 quihus
1123 1661 1244 1733 minus
1276 1662 1422 1753 accepit.
1458 1663 1498 1734 ln

435 1784 686 1865 Qooestloattos
699 1783 892 1866 Romanos,
910 1783 973 1856 uhi
987 1785 1003 1854 J
1008 1784 1114 1855 ubam
1134 1784 1345 1858 Plutarchus
1361 1785 1494 1872 laudat,

432 1911 591 2002 intellige
610 1910 739 1982 tubam
765 1907 961 1982 secuudum
976 1925 978 1930 ·
991 1909 1186 1980 Varronem
1214 1909 1498 2002 Dionysiumque

432 2037 609 2118 locutum,
631 2034 694 2107 uhi
720 2035 849 2106 Jnham
877 2015 1166 2124 varronemque,
1189 2035 1383 2107 Varronem
1407 2034 1499 2107 luha

394 2173 398 2180 ·
432 2161 644 2252 interprete,
661 2157 724 2230 uhi
744 2158 900 2248 denique
918 2158 1134 2240 Varronem,
1153 2159 1348 2232 Varronem
1368 2179 1390 2230 a
1406 2159 1498 2232 luha

433 2284 662 2374 exscriptum.
681 2283 732 2354 113
747 2282 793 2354 ad
808 2300 874 2353 nos
889 2287 1141 2373 pervenerunt,
1158 2287 1287 2372 praeter
1301 2283 1498 2374 permultas

432 2408 543 2492 alias,
567 2407 749 2498 particulae
768 2406 813 2479 de
832 2405 958 2498 spoliis
977 2407 1107 2498 opimis
1127 2414 1161 2479 et
1180 2408 1264 2480 Jove
1283 2408 1439 2481 Feretrio
1458 2409 1497 2481 in

431 2533 521 2605 Vitis
541 2531 682 2604 Romuli
702 2531 949 2620 horrentque,
970 2530 1014 2603 de
1032 2533 1272 2605 Romanorum
1288 2550 1383 2604 anno
1400 2551 1497 2605 men·

432 2657 623 2746 sibosque,
644 2654 706 2727 uhi
731 2654 901 2726 Varronis
926 2654 1123 2727 doctrinam
1148 2655 1240 2728 luha
1268 2657 1496 2748 aliquatenus

432 2786 614 2861 retractat,
637 2779 682 2850 cle
701 2777 791 2850 acca
811 2779 992 2861 Larentia,
1019 2797 1100 2870 qnae
1119 2780 1340 2853 Mommseno
1360 2779 1494 2872 gravis·

431 2902 514 2976 simi
543 2901 706 2994 opusculi
734 2901 957 2974 occasionem
984 2901 1158 2992 praebuit,
1181 2902 1226 2976 de
1253 2903 1436 2995 triumpho
1462 2910 1497 2978 et

431 3029 611 3110 ovatione,
634 3026 678 3099 de
698 3027 808 3098 sacris
826 3032 861 3098 et
880 3025 1030 3106 ritihus,
1053 3045 1143 3118 quas
1163 3044 1288 3101 omnes
1305 3027 1404 3099 haud
1425 3045 1496 3100 me·

431 3153 562 3226 11133113
588 3151 692 3244 pretii
720 3168 798 3223 esse
823 3150 925 3224 iacile
952 3150 1182 3243 intelligetur.
1213 3153 1396 3226 sexcentae
1414 3171 1495 3224 vero

431 3286 602 3369 praeterea
620 3277 750 3366 latent,
772 3275 878 3347 nohis
898 3273 1059 3347 nondum
1079 3276 1273 3367 patefactae.

453 3387 454 3392 ‘
475 3403 714 3474 consueverat
723 3400 934 3471 Plutarchus
943 3418 1056 3471 unum
1067 3400 1306 3491 eumdemque
1315 3409 1493 3474 auctorem

429 3529 469 3600 in
487 3543 704 3617 unaquaque
722 3523 802 3598 Vita
825 3531 886 3596 aut
904 3525 994 3596 Vitae
1013 3532 1112 3616 parte
1132 3532 1193 3596 aut
1213 3526 1305 3598 serie
1324 3525 1495 3600 continua

429 3669 548 3724 rerum
569 3649 689 3741 sequi,
711 3649 860 3739 ejusque
880 3667 987 3740 quam
1007 3649 1205 3722 arctissime
1224 3649 1393 3722 insistere
1411 3667 1491 3722 ves·
1616 3691 1622 3700 ·

429 3775 545 3868 ligiis,
567 3775 617 3845 ita
635 3779 695 3855 nt,
717 3771 879 3861 quamvis
903 3773 1114 3862 plerumque
1139 3773 1269 3845 soleret
1293 3791 1358 3844 suo
1385 3775 1495 3846 Marte

429 3900 578 3971 iormam
610 3895 781 3969 orationis
809 3901 844 3968 et
874 3895 996 3969 stilum
1025 3903 1062 3968 ut
1091 3897 1141 3968 ita
1168 3896 1283 3970 dicam
1310 3915 1491 3988 quaerere,

430 4042 525 4114 saepe
544 4030 682 4105 tamen,
704 4022 810 4093 etiam
830 4021 868 4091 in
894 4018 995 4102 Vitis,
1018 4021 1151 4111 saepius
1170 4040 1251 4093 voro
1272 4021 1310 4093 in
1331 4019 1495 4098 Quaestio-

429 4143 775 4229 attoarensium
794 4145 1019 4235 exprimeret.
1038 4144 1129 4216 Raro
1144 4149 1262 4216 autem
1276 4143 1494 4236 expluribus

431 4271 769 4346 contaminationem
785 4269 957 4341 tentabat.
972 4267 1041 4340 Sed
1056 4274 1185 4359 praeter
1194 4269 1368 4364 cuiusque
1383 4269 1494 4358 partis
1597 4291 1602 4300 ·
