<?xml version="1.0" encoding="UTF-8"?>
<!DOCTYPE html PUBLIC "-//W3C//DTD XHTML 1.0 Transitional//EN"
    "http://www.w3.org/TR/xhtml1/DTD/xhtml1-transitional.dtd">
<html xmlns="http://www.w3.org/1999/xhtml" xml:lang="en" lang="en">
 <head>
  <title>
</title>
<meta http-equiv="Content-Type" content="text/html;charset=utf-8" />
  <meta name='ocr-system' content='tesseract 3.04.00' />
  <meta name='ocr-capabilities' content='ocr_page ocr_carea ocr_par ocr_line ocrx_word'/>
</head>
<body>
  <div class='ocr_page' id='page_1' title='image "./deregejubaregis00blangoog_0037.png"; bbox 0 0 3498 5324; ppageno 0'>
   <div class='ocr_carea' id='block_1_1' title="bbox 898 614 1057 677">
    <p class='ocr_par' dir='ltr' id='par_1_1' title="bbox 898 614 1057 677">
     <span class='ocr_line' id='line_1_1' title="bbox 898 614 1057 677; baseline -0.019 -12"><span class='ocrx_word' id='word_1_1' title='bbox 898 614 1057 677; x_wconf 69' lang='lat'>..26-</span> 
     </span>
    </p>
   </div>
   <div class='ocr_carea' id='block_1_2' title="bbox 390 754 1570 3718">
    <p class='ocr_par' dir='ltr' id='par_1_2' title="bbox 439 754 1510 1224">
     <span class='ocr_line' id='line_1_2' title="bbox 440 754 1510 847; baseline -0.005 -16"><span class='ocrx_word' id='word_1_2' title='bbox 440 757 542 831; x_wconf 90' lang='lat' dir='ltr'>sedes</span> <span class='ocrx_word' id='word_1_3' title='bbox 570 759 676 828; x_wconf 83' lang='lat' dir='ltr'><strong>Zama</strong></span> <span class='ocrx_word' id='word_1_4' title='bbox 705 757 795 838; x_wconf 91' lang='lat' dir='ltr'>luit,</span> <span class='ocrx_word' id='word_1_5' title='bbox 823 756 884 827; x_wconf 88' lang='lat' dir='ltr'>ubi</span> <span class='ocrx_word' id='word_1_6' title='bbox 915 755 1247 847; x_wconf 80' lang='lat' dir='ltr'>splendidissimam</span> <span class='ocrx_word' id='word_1_7' title='bbox 1276 754 1407 846; x_wconf 82' lang='lat' dir='ltr'>regiam</span> <span class='ocrx_word' id='word_1_8' title='bbox 1439 755 1510 828; x_wconf 88' lang='lat' dir='ltr'>sihi</span> 
     </span>
     <span class='ocr_line' id='line_1_3' title="bbox 439 879 1506 972; baseline -0.004 -18"><span class='ocrx_word' id='word_1_9' title='bbox 439 881 675 954; x_wconf 72' lang='lat' dir='ltr'>edificaverat</span> <span class='ocrx_word' id='word_1_10' title='bbox 696 899 777 972; x_wconf 89' lang='lat' dir='ltr'>quae</span> <span class='ocrx_word' id='word_1_11' title='bbox 797 881 835 952; x_wconf 93' lang='lat' dir='ltr'>in</span> <span class='ocrx_word' id='word_1_12' title='bbox 856 881 1015 952; x_wconf 92' lang='lat' dir='ltr'>nummis</span> <span class='ocrx_word' id='word_1_13' title='bbox 1031 879 1232 970; x_wconf 76' lang='lat' dir='ltr'>effingitur,</span> <span class='ocrx_word' id='word_1_14' title='bbox 1255 886 1290 952; x_wconf 92' lang='lat' dir='ltr'>et</span> <span class='ocrx_word' id='word_1_15' title='bbox 1310 879 1506 970; x_wconf 85' lang='lat' dir='ltr'>probabili·</span> 
     </span>
     <span class='ocr_line' id='line_1_4' title="bbox 440 1005 1509 1096; baseline -0.005 -18"><span class='ocrx_word' id='word_1_16' title='bbox 440 1014 494 1079; x_wconf 92' lang='lat' dir='ltr'>ter</span> <span class='ocrx_word' id='word_1_17' title='bbox 521 1024 665 1096; x_wconf 89' lang='lat' dir='ltr'>quoque</span> <span class='ocrx_word' id='word_1_18' title='bbox 697 1006 847 1089; x_wconf 84' lang='lat' dir='ltr'>Cirtha,</span> <span class='ocrx_word' id='word_1_19' title='bbox 879 1025 988 1096; x_wconf 90' lang='lat' dir='ltr'>quam</span> <span class='ocrx_word' id='word_1_20' title='bbox 1017 1007 1202 1096; x_wconf 71' lang='lat' dir='ltr'>Appianas</span> <span class='ocrx_word' id='word_1_21' title='bbox 1236 1005 1323 1078; x_wconf 93' lang='lat' dir='ltr'>dicit</span> <span class='ocrx_word' id='word_1_22' title='bbox 1354 1006 1509 1092; x_wconf 72' lang='grc' dir='ltr'><strong>βασίλειον</strong></span> 
     </span>
     <span class='ocr_line' id='line_1_5' title="bbox 445 1127 616 1224; baseline 0 -24"><span class='ocrx_word' id='word_1_23' title='bbox 445 1127 527 1200; x_wconf 71' lang='lat' dir='ltr'>’rede</span> <span class='ocrx_word' id='word_1_24' title='bbox 550 1127 616 1224; x_wconf 80' lang='lat' dir='ltr'>(l).</span> 
     </span>
    </p>

    <p class='ocr_par' dir='ltr' id='par_1_3' title="bbox 390 1256 1570 3718">
     <span class='ocr_line' id='line_1_6' title="bbox 489 1256 1509 1347; baseline -0.001 -19"><span class='ocrx_word' id='word_1_25' title='bbox 489 1256 607 1328; x_wconf 76' lang='lat' dir='ltr'>Ceasar</span> <span class='ocrx_word' id='word_1_26' title='bbox 624 1256 803 1328; x_wconf 76' lang='lat' dir='ltr'>Numidiae</span> <span class='ocrx_word' id='word_1_27' title='bbox 822 1257 988 1340; x_wconf 84' lang='lat' dir='ltr'>devictae,</span> <span class='ocrx_word' id='word_1_28' title='bbox 1008 1274 1119 1347; x_wconf 92' lang='lat' dir='ltr'>quum</span> <span class='ocrx_word' id='word_1_29' title='bbox 1136 1256 1186 1328; x_wconf 91' lang='lat' dir='ltr'>ihi</span> <span class='ocrx_word' id='word_1_30' title='bbox 1203 1256 1414 1328; x_wconf 88' lang='lat' dir='ltr'>commorari</span> <span class='ocrx_word' id='word_1_31' title='bbox 1435 1274 1509 1329; x_wconf 93' lang='lat' dir='ltr'>non</span> 
     </span>
     <span class='ocr_line' id='line_1_7' title="bbox 440 1380 1507 1472; baseline 0 -19"><span class='ocrx_word' id='word_1_32' title='bbox 440 1386 580 1471; x_wconf 94' lang='lat' dir='ltr'>posset,</span> <span class='ocrx_word' id='word_1_33' title='bbox 613 1381 858 1453; x_wconf 90' lang='lat' dir='ltr'>condicionem</span> <span class='ocrx_word' id='word_1_34' title='bbox 889 1388 1020 1454; x_wconf 92' lang='lat' dir='ltr'>statum</span> <span class='ocrx_word' id='word_1_35' title='bbox 1041 1380 1136 1472; x_wconf 86' lang='lat' dir='ltr'>finos</span> <span class='ocrx_word' id='word_1_36' title='bbox 1152 1380 1347 1454; x_wconf 82' lang='lat' dir='ltr'>festinatim</span> <span class='ocrx_word' id='word_1_37' title='bbox 1372 1381 1507 1455; x_wconf 89' lang='lat' dir='ltr'>consti-</span> 
     </span>
     <span class='ocr_line' id='line_1_8' title="bbox 440 1505 1506 1598; baseline 0.002 -22"><span class='ocrx_word' id='word_1_38' title='bbox 440 1511 560 1588; x_wconf 90' lang='lat' dir='ltr'>tuens,</span> <span class='ocrx_word' id='word_1_39' title='bbox 582 1505 778 1597; x_wconf 88' lang='lat' dir='ltr'>unicnique</span> <span class='ocrx_word' id='word_1_40' title='bbox 798 1525 917 1589; x_wconf 90' lang='lat' dir='ltr'>suum,</span> <span class='ocrx_word' id='word_1_41' title='bbox 940 1514 1001 1578; x_wconf 93' lang='lat' dir='ltr'>aut</span> <span class='ocrx_word' id='word_1_42' title='bbox 1020 1507 1139 1597; x_wconf 89' lang='lat' dir='ltr'>potius</span> <span class='ocrx_word' id='word_1_43' title='bbox 1155 1505 1334 1598; x_wconf 93' lang='lat' dir='ltr'>quidquid</span> <span class='ocrx_word' id='word_1_44' title='bbox 1356 1525 1506 1598; x_wconf 89' lang='lat' dir='ltr'>occupa-</span> 
     </span>
     <span class='ocr_line' id='line_1_9' title="bbox 441 1629 1509 1722; baseline 0.006 -22"><span class='ocrx_word' id='word_1_45' title='bbox 441 1636 549 1712; x_wconf 86' lang='lat' dir='ltr'>verat,</span> <span class='ocrx_word' id='word_1_46' title='bbox 569 1629 762 1722; x_wconf 82' lang='lat' dir='ltr'>relinquit,</span> <span class='ocrx_word' id='word_1_47' title='bbox 784 1631 1045 1721; x_wconf 82' lang='lat' dir='ltr'>Numidiaque,</span> <span class='ocrx_word' id='word_1_48' title='bbox 1069 1650 1166 1703; x_wconf 91' lang='lat' dir='ltr'>nuno</span> <span class='ocrx_word' id='word_1_49' title='bbox 1182 1631 1365 1722; x_wconf 86' lang='lat' dir='ltr'>provincia</span> <span class='ocrx_word' id='word_1_50' title='bbox 1383 1630 1509 1706; x_wconf 77' lang='lat' dir='ltr'>Airicae</span> 
     </span>
     <span class='ocr_line' id='line_1_10' title="bbox 441 1755 1507 1848; baseline 0 -20"><span class='ocrx_word' id='word_1_51' title='bbox 441 1755 547 1828; x_wconf 86' lang='lat' dir='ltr'>Novae</span> <span class='ocrx_word' id='word_1_52' title='bbox 568 1756 727 1837; x_wconf 90' lang='lat' dir='ltr'>nomine,</span> <span class='ocrx_word' id='word_1_53' title='bbox 751 1757 880 1829; x_wconf 93' lang='lat' dir='ltr'>iterum</span> <span class='ocrx_word' id='word_1_54' title='bbox 900 1758 1004 1848; x_wconf 90' lang='lat' dir='ltr'>plura</span> <span class='ocrx_word' id='word_1_55' title='bbox 1019 1757 1164 1829; x_wconf 86' lang='lat' dir='ltr'>arnittit.</span> <span class='ocrx_word' id='word_1_56' title='bbox 1184 1759 1383 1829; x_wconf 80' lang='lat' dir='ltr'>Nucerinus</span> <span class='ocrx_word' id='word_1_57' title='bbox 1400 1759 1507 1830; x_wconf 93' lang='lat' dir='ltr'>homo</span> 
     </span>
     <span class='ocr_line' id='line_1_11' title="bbox 442 1880 1509 1972; baseline 0.004 -22"><span class='ocrx_word' id='word_1_58' title='bbox 442 1881 481 1952; x_wconf 91' lang='lat' dir='ltr'>P.</span> <span class='ocrx_word' id='word_1_59' title='bbox 505 1880 653 1964; x_wconf 88' lang='lat' dir='ltr'>Sittius,</span> <span class='ocrx_word' id='word_1_60' title='bbox 676 1882 777 1972; x_wconf 84' lang='lat' dir='ltr'>cujus</span> <span class='ocrx_word' id='word_1_61' title='bbox 805 1882 911 1952; x_wconf 87' lang='lat' dir='ltr'>vitam</span> <span class='ocrx_word' id='word_1_62' title='bbox 933 1888 967 1953; x_wconf 94' lang='lat' dir='ltr'>et</span> <span class='ocrx_word' id='word_1_63' title='bbox 986 1890 1084 1972; x_wconf 83' lang='lat' dir='ltr'>gesta</span> <span class='ocrx_word' id='word_1_64' title='bbox 1104 1888 1262 1972; x_wconf 90' lang='lat' dir='ltr'>repetere</span> <span class='ocrx_word' id='word_1_65' title='bbox 1283 1901 1356 1953; x_wconf 92' lang='lat' dir='ltr'>non</span> <span class='ocrx_word' id='word_1_66' title='bbox 1376 1889 1430 1954; x_wconf 90' lang='lat' dir='ltr'>est</span> <span class='ocrx_word' id='word_1_67' title='bbox 1450 1883 1509 1954; x_wconf 90' lang='lat' dir='ltr'>hic</span> 
     </span>
     <span class='ocr_line' id='line_1_12' title="bbox 443 2005 1511 2096; baseline 0.002 -20"><span class='ocrx_word' id='word_1_68' title='bbox 443 2007 565 2086; x_wconf 88' lang='lat' dir='ltr'>locus,</span> <span class='ocrx_word' id='word_1_69' title='bbox 596 2005 755 2076; x_wconf 87' lang='lat' dir='ltr'>Cirtham</span> <span class='ocrx_word' id='word_1_70' title='bbox 783 2011 931 2096; x_wconf 89' lang='lat' dir='ltr'>occupat</span> <span class='ocrx_word' id='word_1_71' title='bbox 957 2013 991 2076; x_wconf 90' lang='lat' dir='ltr'>et</span> <span class='ocrx_word' id='word_1_72' title='bbox 1018 2007 1185 2077; x_wconf 85' lang='lat' dir='ltr'>Chullum</span> <span class='ocrx_word' id='word_1_73' title='bbox 1218 2013 1252 2078; x_wconf 92' lang='lat' dir='ltr'>et</span> <span class='ocrx_word' id='word_1_74' title='bbox 1284 2007 1448 2079; x_wconf 87' lang='lat' dir='ltr'>Milevum</span> <span class='ocrx_word' id='word_1_75' title='bbox 1475 2014 1511 2078; x_wconf 91' lang='lat' dir='ltr'>et</span> 
     </span>
     <span class='ocr_line' id='line_1_13' title="bbox 443 2129 1570 2220; baseline 0.01 -21"><span class='ocrx_word' id='word_1_76' title='bbox 443 2129 653 2201; x_wconf 88' lang='lat' dir='ltr'>Rusicadem</span> <span class='ocrx_word' id='word_1_77' title='bbox 682 2131 851 2220; x_wconf 88' lang='lat' dir='ltr'>vicosque</span> <span class='ocrx_word' id='word_1_78' title='bbox 875 2149 1056 2220; x_wconf 82' lang='lat' dir='ltr'>pagosque</span> <span class='ocrx_word' id='word_1_79' title='bbox 1084 2149 1209 2203; x_wconf 90' lang='lat' dir='ltr'>omnes</span> <span class='ocrx_word' id='word_1_80' title='bbox 1234 2130 1301 2202; x_wconf 90' lang='lat' dir='ltr'>suh</span> <span class='ocrx_word' id='word_1_81' title='bbox 1328 2132 1393 2203; x_wconf 80' lang='lat' dir='ltr'>cis</span> <span class='ocrx_word' id='word_1_82' title='bbox 1424 2133 1509 2218; x_wconf 80' lang='lat' dir='ltr'>Qua</span> <span class='ocrx_word' id='word_1_83' title='bbox 1562 2205 1570 2210; x_wconf 88' lang='lat'><em>.</em></span> 
     </span>
     <span class='ocr_line' id='line_1_14' title="bbox 443 2254 1507 2346; baseline 0.003 -22"><span class='ocrx_word' id='word_1_84' title='bbox 443 2272 554 2344; x_wconf 92' lang='lat' dir='ltr'>quum</span> <span class='ocrx_word' id='word_1_85' title='bbox 575 2254 723 2325; x_wconf 88' lang='lat' dir='ltr'>coloniae</span> <span class='ocrx_word' id='word_1_86' title='bbox 743 2259 883 2341; x_wconf 90' lang='lat' dir='ltr'>essent,</span> <span class='ocrx_word' id='word_1_87' title='bbox 906 2254 1050 2326; x_wconf 75' lang='lat' dir='ltr'>Sittium</span> <span class='ocrx_word' id='word_1_88' title='bbox 1072 2274 1194 2327; x_wconf 90' lang='lat' dir='ltr'>eorum</span> <span class='ocrx_word' id='word_1_89' title='bbox 1215 2256 1420 2346; x_wconf 88' lang='lat' dir='ltr'>praelectum</span> <span class='ocrx_word' id='word_1_90' title='bbox 1439 2255 1507 2328; x_wconf 89' lang='lat' dir='ltr'>sub</span> 
     </span>
     <span class='ocr_line' id='line_1_15' title="bbox 442 2377 1506 2471; baseline 0.004 -21"><span class='ocrx_word' id='word_1_91' title='bbox 442 2379 650 2451; x_wconf 83' lang='lat' dir='ltr'>auctoritate</span> <span class='ocrx_word' id='word_1_92' title='bbox 677 2377 804 2450; x_wconf 86' lang='lat' dir='ltr'>Bocchi</span> <span class='ocrx_word' id='word_1_93' title='bbox 832 2378 923 2470; x_wconf 82' lang='lat' dir='ltr'>regis</span> <span class='ocrx_word' id='word_1_94' title='bbox 947 2380 1052 2450; x_wconf 92' lang='lat' dir='ltr'>amici</span> <span class='ocrx_word' id='word_1_95' title='bbox 1073 2382 1197 2471; x_wconf 94' lang='lat' dir='ltr'>populi</span> <span class='ocrx_word' id='word_1_96' title='bbox 1218 2381 1357 2453; x_wconf 90' lang='lat' dir='ltr'>romani</span> <span class='ocrx_word' id='word_1_97' title='bbox 1377 2382 1506 2463; x_wconf 89' lang='lat' dir='ltr'>luisse,</span> 
     </span>
     <span class='ocr_line' id='line_1_16' title="bbox 443 2500 1505 2595; baseline 0.004 -24"><span class='ocrx_word' id='word_1_98' title='bbox 443 2500 562 2592; x_wconf 91' lang='lat' dir='ltr'>reipsa</span> <span class='ocrx_word' id='word_1_99' title='bbox 582 2519 661 2574; x_wconf 91' lang='lat' dir='ltr'>vero</span> <span class='ocrx_word' id='word_1_100' title='bbox 689 2501 765 2572; x_wconf 90' lang='lat' dir='ltr'>suis</span> <span class='ocrx_word' id='word_1_101' title='bbox 788 2501 917 2592; x_wconf 88' lang='lat' dir='ltr'>opibus</span> <span class='ocrx_word' id='word_1_102' title='bbox 946 2509 980 2574; x_wconf 90' lang='lat' dir='ltr'>et</span> <span class='ocrx_word' id='word_1_103' title='bbox 1005 2502 1133 2573; x_wconf 88' lang='lat' dir='ltr'>virium</span> <span class='ocrx_word' id='word_1_104' title='bbox 1155 2523 1302 2576; x_wconf 87' lang='lat' dir='ltr'>suorum</span> <span class='ocrx_word' id='word_1_105' title='bbox 1320 2505 1400 2595; x_wconf 91' lang='lat' dir='ltr'>jure</span> <span class='ocrx_word' id='word_1_106' title='bbox 1420 2504 1505 2577; x_wconf 90' lang='lat' dir='ltr'>reti-</span> 
     </span>
     <span class='ocr_line' id='line_1_17' title="bbox 443 2627 1506 2724; baseline 0.004 -26"><span class='ocrx_word' id='word_1_107' title='bbox 443 2627 567 2699; x_wconf 92' lang='lat' dir='ltr'>nuisse</span> <span class='ocrx_word' id='word_1_108' title='bbox 586 2628 727 2710; x_wconf 87' lang='lat' dir='ltr'>omnia,</span> <span class='ocrx_word' id='word_1_109' title='bbox 751 2634 925 2718; x_wconf 92' lang='lat' dir='ltr'>quantum</span> <span class='ocrx_word' id='word_1_110' title='bbox 947 2629 1121 2718; x_wconf 74' lang='lat' dir='ltr'>conjicere</span> <span class='ocrx_word' id='word_1_111' title='bbox 1142 2630 1244 2708; x_wconf 87' lang='lat' dir='ltr'>licet,</span> <span class='ocrx_word' id='word_1_112' title='bbox 1271 2636 1418 2721; x_wconf 87' lang='lat' dir='ltr'>apparet</span> <span class='ocrx_word' id='word_1_113' title='bbox 1442 2629 1506 2724; x_wconf 72' lang='lat' dir='ltr'>(ll.</span> 
     </span>
     <span class='ocr_line' id='line_1_18' title="bbox 444 2752 1509 2827; baseline 0.005 -5"><span class='ocrx_word' id='word_1_114' title='bbox 444 2752 516 2824; x_wconf 82' lang='lat' dir='ltr'>nex</span> <span class='ocrx_word' id='word_1_115' title='bbox 538 2758 656 2823; x_wconf 90' lang='lat' dir='ltr'>autem</span> <span class='ocrx_word' id='word_1_116' title='bbox 681 2753 839 2824; x_wconf 90' lang='lat' dir='ltr'>Bocchus</span> <span class='ocrx_word' id='word_1_117' title='bbox 863 2753 954 2825; x_wconf 86' lang='lat' dir='ltr'>lines</span> <span class='ocrx_word' id='word_1_118' title='bbox 971 2771 1056 2824; x_wconf 89' lang='lat' dir='ltr'>suos</span> <span class='ocrx_word' id='word_1_119' title='bbox 1076 2754 1121 2824; x_wconf 88' lang='lat' dir='ltr'>ab</span> <span class='ocrx_word' id='word_1_120' title='bbox 1141 2773 1247 2826; x_wconf 91' lang='lat' dir='ltr'>amne</span> <span class='ocrx_word' id='word_1_121' title='bbox 1267 2756 1443 2827; x_wconf 89' lang='lat' dir='ltr'>Nasavath</span> <span class='ocrx_word' id='word_1_122' title='bbox 1463 2754 1509 2827; x_wconf 93' lang='lat' dir='ltr'>ad</span> 
     </span>
     <span class='ocr_line' id='line_1_19' title="bbox 443 2873 1509 2971; baseline 0.005 -24"><span class='ocrx_word' id='word_1_123' title='bbox 443 2893 585 2948; x_wconf 88' lang='lat' dir='ltr'>amnem</span> <span class='ocrx_word' id='word_1_124' title='bbox 601 2875 815 2968; x_wconf 82' lang='lat' dir='ltr'>Ampsagam</span> <span class='ocrx_word' id='word_1_125' title='bbox 832 2878 1012 2950; x_wconf 89' lang='lat' dir='ltr'>Orientem</span> <span class='ocrx_word' id='word_1_126' title='bbox 1029 2873 1153 2950; x_wconf 87' lang='lat' dir='ltr'>versus</span> <span class='ocrx_word' id='word_1_127' title='bbox 1164 2881 1330 2971; x_wconf 85' lang='lat' dir='ltr'>prolatet,</span> <span class='ocrx_word' id='word_1_128' title='bbox 1343 2887 1377 2952; x_wconf 90' lang='lat' dir='ltr'>et</span> <span class='ocrx_word' id='word_1_129' title='bbox 1388 2881 1509 2952; x_wconf 87' lang='lat' dir='ltr'>Numi-</span> 
     </span>
     <span class='ocr_line' id='line_1_20' title="bbox 444 3001 1507 3097; baseline 0.003 -24"><span class='ocrx_word' id='word_1_130' title='bbox 444 3001 503 3073; x_wconf 91' lang='lat' dir='ltr'>dia</span> <span class='ocrx_word' id='word_1_131' title='bbox 518 3003 686 3095; x_wconf 89' lang='lat' dir='ltr'>deinceps</span> <span class='ocrx_word' id='word_1_132' title='bbox 702 3004 993 3094; x_wconf 88' lang='lat' dir='ltr'>Mauretaniaque</span> <span class='ocrx_word' id='word_1_133' title='bbox 1009 3003 1076 3075; x_wconf 89' lang='lat' dir='ltr'>hoc</span> <span class='ocrx_word' id='word_1_134' title='bbox 1091 3003 1200 3076; x_wconf 89' lang='lat' dir='ltr'>fluvio</span> <span class='ocrx_word' id='word_1_135' title='bbox 1213 3013 1426 3096; x_wconf 89' lang='lat' dir='ltr'>separantur</span> <span class='ocrx_word' id='word_1_136' title='bbox 1442 3002 1507 3097; x_wconf 79' lang='lat'>(5).</span> 
     </span>
     <span class='ocr_line' id='line_1_21' title="bbox 445 3127 1508 3224; baseline 0.001 -23"><span class='ocrx_word' id='word_1_137' title='bbox 445 3130 581 3201; x_wconf 88' lang='lat' dir='ltr'>Mortuo</span> <span class='ocrx_word' id='word_1_138' title='bbox 612 3129 771 3211; x_wconf 85' lang='lat' dir='ltr'>Caesare,</span> <span class='ocrx_word' id='word_1_139' title='bbox 803 3129 930 3201; x_wconf 89' lang='lat' dir='ltr'>Sittius</span> <span class='ocrx_word' id='word_1_140' title='bbox 959 3128 1131 3201; x_wconf 86' lang='lat' dir='ltr'>occiditur</span> <span class='ocrx_word' id='word_1_141' title='bbox 1161 3130 1205 3201; x_wconf 88' lang='lat' dir='ltr'>ab</span> <span class='ocrx_word' id='word_1_142' title='bbox 1231 3129 1409 3203; x_wconf 81' lang='lat' dir='ltr'>Arabione</span> <span class='ocrx_word' id='word_1_143' title='bbox 1437 3128 1447 3224; x_wconf 86' lang='lat'>(</span> <span class='ocrx_word' id='word_1_144' title='bbox 1473 3127 1508 3222; x_wconf 89' lang='lat'>)‚</span> 
     </span>
     <span class='ocr_line' id='line_1_22' title="bbox 390 3251 1508 3346; baseline 0.002 -22"><span class='ocrx_word' id='word_1_145' title='bbox 390 3323 394 3332; x_wconf 87' lang='grc'><em>,</em></span> <span class='ocrx_word' id='word_1_146' title='bbox 445 3251 644 3325; x_wconf 88' lang='lat' dir='ltr'>Masinissae</span> <span class='ocrx_word' id='word_1_147' title='bbox 668 3253 761 3335; x_wconf 87' lang='lat' dir='ltr'>filio,</span> <span class='ocrx_word' id='word_1_148' title='bbox 785 3261 819 3324; x_wconf 90' lang='lat' dir='ltr'>et</span> <span class='ocrx_word' id='word_1_149' title='bbox 839 3253 989 3326; x_wconf 83' lang='lat' dir='ltr'>coloniae</span> <span class='ocrx_word' id='word_1_150' title='bbox 1011 3254 1238 3337; x_wconf 88' lang='lat' dir='ltr'>Cirthenses‚</span> <span class='ocrx_word' id='word_1_151' title='bbox 1259 3256 1339 3345; x_wconf 81' lang='lat' dir='ltr'>iure</span> <span class='ocrx_word' id='word_1_152' title='bbox 1364 3255 1508 3346; x_wconf 92' lang='lat' dir='ltr'>quidem</span> 
     </span>
     <span class='ocr_line' id='line_1_23' title="bbox 445 3377 1509 3471; baseline 0.003 -24"><span class='ocrx_word' id='word_1_153' title='bbox 445 3377 565 3448; x_wconf 89' lang='lat' dir='ltr'>nescio</span> <span class='ocrx_word' id='word_1_154' title='bbox 586 3377 690 3466; x_wconf 91' lang='lat' dir='ltr'>quid,</span> <span class='ocrx_word' id='word_1_155' title='bbox 714 3397 752 3449; x_wconf 89' lang='lat' dir='ltr'>re</span> <span class='ocrx_word' id='word_1_156' title='bbox 773 3385 890 3449; x_wconf 87' lang='lat' dir='ltr'>autem</span> <span class='ocrx_word' id='word_1_157' title='bbox 911 3384 972 3449; x_wconf 87' lang='lat' dir='ltr'>aut</span> <span class='ocrx_word' id='word_1_158' title='bbox 992 3379 1115 3451; x_wconf 88' lang='lat' dir='ltr'>liberae</span> <span class='ocrx_word' id='word_1_159' title='bbox 1131 3379 1289 3451; x_wconf 86' lang='lat' dir='ltr'>civitates</span> <span class='ocrx_word' id='word_1_160' title='bbox 1310 3387 1371 3451; x_wconf 91' lang='lat' dir='ltr'>aul</span> <span class='ocrx_word' id='word_1_161' title='bbox 1390 3381 1509 3471; x_wconf 92' lang='lat' dir='ltr'>potius</span> 
     </span>
     <span class='ocr_line' id='line_1_24' title="bbox 446 3497 1522 3593; baseline 0.003 -21"><span class='ocrx_word' id='word_1_162' title='bbox 446 3521 528 3593; x_wconf 90' lang='lat' dir='ltr'>pars</span> <span class='ocrx_word' id='word_1_163' title='bbox 558 3501 749 3593; x_wconf 89' lang='lat' dir='ltr'>provinciae</span> <span class='ocrx_word' id='word_1_164' title='bbox 777 3497 993 3574; x_wconf 56' lang='lat' dir='ltr'>efficiuntur,</span> <span class='ocrx_word' id='word_1_165' title='bbox 1025 3504 1123 3575; x_wconf 90' lang='lat' dir='ltr'>Nihil</span> <span class='ocrx_word' id='word_1_166' title='bbox 1151 3511 1268 3577; x_wconf 85' lang='lat' dir='ltr'>autem</span> <span class='ocrx_word' id='word_1_167' title='bbox 1304 3523 1347 3576; x_wconf 83' lang='lat' dir='ltr'>er</span> <span class='ocrx_word' id='word_1_168' title='bbox 1376 3504 1522 3584; x_wconf 76' lang='lat' dir='ltr'>linibus¹</span> 
     </span>
     <span class='ocr_line' id='line_1_25' title="bbox 442 3626 1512 3718; baseline 0.003 -21"><span class='ocrx_word' id='word_1_169' title='bbox 442 3626 515 3716; x_wconf 76' lang='lat' dir='ltr'>iarn</span> <span class='ocrx_word' id='word_1_170' title='bbox 534 3626 736 3698; x_wconf 89' lang='lat' dir='ltr'>constitutis</span> <span class='ocrx_word' id='word_1_171' title='bbox 758 3633 951 3707; x_wconf 90' lang='lat' dir='ltr'>mutatum,</span> <span class='ocrx_word' id='word_1_172' title='bbox 979 3647 1043 3699; x_wconf 89' lang='lat' dir='ltr'>nec</span> <span class='ocrx_word' id='word_1_173' title='bbox 1066 3628 1216 3701; x_wconf 85' lang='lat' dir='ltr'>dubium</span> <span class='ocrx_word' id='word_1_174' title='bbox 1235 3629 1324 3718; x_wconf 93' lang='lat' dir='ltr'>quin</span> <span class='ocrx_word' id='word_1_175' title='bbox 1342 3629 1380 3700; x_wconf 95' lang='lat' dir='ltr'>in</span> <span class='ocrx_word' id='word_1_176' title='bbox 1398 3629 1512 3701; x_wconf 83' lang='lat' dir='ltr'>dirioa</span> 
     </span>
    </p>
   </div>
   <div class='ocr_carea' id='block_1_3' title="bbox 446 3933 1513 4442">
    <p class='ocr_par' dir='ltr' id='par_1_4' title="bbox 480 3933 1455 4002">
     <span class='ocr_line' id='line_1_26' title="bbox 480 3933 1455 4002; baseline 0.005 -19"><span class='ocrx_word' id='word_1_177' title='bbox 480 3935 512 3998; x_wconf 81' lang='lat' dir='ltr'>(l)</span> <span class='ocrx_word' id='word_1_178' title='bbox 532 3933 615 3995; x_wconf 80' lang='lat' dir='ltr'>Milli..</span> <span class='ocrx_word' id='word_1_179' title='bbox 634 3933 680 3998; x_wconf 90' lang='grc' dir='ltr'>ΙΙΙ,</span> <span class='ocrx_word' id='word_1_180' title='bbox 697 3949 770 3988; x_wconf 89' lang='lat' dir='ltr'>nurn.</span> <span class='ocrx_word' id='word_1_181' title='bbox 785 3937 815 3988; x_wconf 82' lang='lat'>50</span> <span class='ocrx_word' id='word_1_182' title='bbox 830 3942 857 3988; x_wconf 88' lang='lat' dir='ltr'>et</span> <span class='ocrx_word' id='word_1_183' title='bbox 870 3937 918 4000; x_wconf 79' lang='lat'>57;</span> <span class='ocrx_word' id='word_1_184' title='bbox 934 3939 1014 4002; x_wconf 81' lang='lat' dir='ltr'>App,</span> <span class='ocrx_word' id='word_1_185' title='bbox 1030 3940 1057 3988; x_wconf 89' lang='lat' dir='ltr'>B.</span> <span class='ocrx_word' id='word_1_186' title='bbox 1075 3942 1112 4000; x_wconf 67' lang='lat' dir='ltr'>C,</span> <span class='ocrx_word' id='word_1_187' title='bbox 1131 3937 1164 4000; x_wconf 93' lang='grc' dir='ltr'>ΙΙ,</span> <span class='ocrx_word' id='word_1_188' title='bbox 1180 3939 1210 3988; x_wconf 84' lang='grc'>96</span> <span class='ocrx_word' id='word_1_189' title='bbox 1223 3961 1228 3995; x_wconf 84' lang='grc'><strong>;</strong></span> <span class='ocrx_word' id='word_1_190' title='bbox 1243 3940 1278 3990; x_wconf 84' lang='lat' dir='ltr'>ci.</span> <span class='ocrx_word' id='word_1_191' title='bbox 1296 3939 1323 3988; x_wconf 85' lang='grc' dir='ltr'>Β.</span> <span class='ocrx_word' id='word_1_192' title='bbox 1340 3939 1399 4002; x_wconf 67' lang='lat' dir='ltr'>osc,</span> <span class='ocrx_word' id='word_1_193' title='bbox 1416 3939 1455 3990; x_wconf 76' lang='lat'>¹25.</span> 
     </span>
    </p>

    <p class='ocr_par' dir='ltr' id='par_1_5' title="bbox 480 4023 1355 4090">
     <span class='ocr_line' id='line_1_27' title="bbox 480 4023 1355 4090; baseline 0.008 -18"><span class='ocrx_word' id='word_1_194' title='bbox 480 4023 512 4087; x_wconf 73' lang='lat' dir='ltr'>(l)</span> <span class='ocrx_word' id='word_1_195' title='bbox 529 4024 608 4088; x_wconf 77' lang='lat' dir='ltr'>App..</span> <span class='ocrx_word' id='word_1_196' title='bbox 625 4025 654 4075; x_wconf 88' lang='grc' dir='ltr'>Β.</span> <span class='ocrx_word' id='word_1_197' title='bbox 672 4027 709 4084; x_wconf 69' lang='lat' dir='ltr'>C„</span> <span class='ocrx_word' id='word_1_198' title='bbox 726 4024 772 4086; x_wconf 89' lang='lat' dir='ltr'>IV,</span> <span class='ocrx_word' id='word_1_199' title='bbox 789 4027 836 4089; x_wconf 74' lang='lat'>543</span> <span class='ocrx_word' id='word_1_200' title='bbox 855 4025 924 4086; x_wconf 85' lang='lat' dir='ltr'>Mel,</span> <span class='ocrx_word' id='word_1_201' title='bbox 942 4028 962 4084; x_wconf 92' lang='grc' dir='ltr'>Ι,</span> <span class='ocrx_word' id='word_1_202' title='bbox 979 4027 1010 4089; x_wconf 78' lang='grc'>7;</span> <span class='ocrx_word' id='word_1_203' title='bbox 1026 4027 1105 4090; x_wconf 66' lang='lat' dir='ltr'>Prin„</span> <span class='ocrx_word' id='word_1_204' title='bbox 1121 4028 1152 4078; x_wconf 83' lang='lat' dir='ltr'>ll.</span> <span class='ocrx_word' id='word_1_205' title='bbox 1167 4031 1208 4088; x_wconf 90' lang='lat' dir='ltr'>N.,</span> <span class='ocrx_word' id='word_1_206' title='bbox 1226 4027 1260 4088; x_wconf 88' lang='lat' dir='ltr'>V,</span> <span class='ocrx_word' id='word_1_207' title='bbox 1275 4029 1298 4088; x_wconf 85' lang='lat'>3,</span> <span class='ocrx_word' id='word_1_208' title='bbox 1315 4029 1355 4080; x_wconf 74' lang='lat' dir='ltr'>tt.</span> 
     </span>
    </p>

    <p class='ocr_par' dir='ltr' id='par_1_6' title="bbox 479 4112 986 4176">
     <span class='ocr_line' id='line_1_28' title="bbox 479 4112 986 4176; baseline 0.01 -15"><span class='ocrx_word' id='word_1_209' title='bbox 479 4113 512 4176; x_wconf 81' lang='grc'>(3)</span> <span class='ocrx_word' id='word_1_210' title='bbox 529 4112 610 4174; x_wconf 74' lang='lat' dir='ltr'>Plio,</span> <span class='ocrx_word' id='word_1_211' title='bbox 625 4117 654 4164; x_wconf 87' lang='lat' dir='ltr'>H.</span> <span class='ocrx_word' id='word_1_212' title='bbox 668 4117 710 4174; x_wconf 87' lang='lat' dir='ltr'>N.,</span> <span class='ocrx_word' id='word_1_213' title='bbox 725 4113 772 4176; x_wconf 87' lang='lat' dir='ltr'>IV,</span> <span class='ocrx_word' id='word_1_214' title='bbox 785 4115 824 4176; x_wconf 82' lang='lat'>40,</span> <span class='ocrx_word' id='word_1_215' title='bbox 839 4115 870 4171; x_wconf 78' lang='lat'>3:</span> <span class='ocrx_word' id='word_1_216' title='bbox 886 4115 918 4176; x_wconf 88' lang='lat' dir='ltr'>V,</span> <span class='ocrx_word' id='word_1_217' title='bbox 933 4116 948 4165; x_wconf 92' lang='lat' dir='ltr'>l.</span> <span class='ocrx_word' id='word_1_218' title='bbox 965 4131 986 4166; x_wconf 86' lang='lat' dir='ltr'>c.</span> 
     </span>
    </p>

    <p class='ocr_par' dir='ltr' id='par_1_7' title="bbox 479 4202 895 4266">
     <span class='ocr_line' id='line_1_29' title="bbox 479 4202 895 4266; baseline 0.01 -16"><span class='ocrx_word' id='word_1_219' title='bbox 479 4202 512 4266; x_wconf 80' lang='lat' dir='ltr'>(ll</span> <span class='ocrx_word' id='word_1_220' title='bbox 529 4203 609 4266; x_wconf 82' lang='lat' dir='ltr'>App,</span> <span class='ocrx_word' id='word_1_221' title='bbox 627 4205 655 4253; x_wconf 88' lang='lat' dir='ltr'>B.</span> <span class='ocrx_word' id='word_1_222' title='bbox 673 4205 710 4264; x_wconf 71' lang='lat' dir='ltr'>C..</span> <span class='ocrx_word' id='word_1_223' title='bbox 727 4203 773 4265; x_wconf 71' lang='grc' dir='ltr'>ΙΙΙ,</span> <span class='ocrx_word' id='word_1_224' title='bbox 790 4205 829 4265; x_wconf 77' lang='lat' dir='ltr'>el,</span> <span class='ocrx_word' id='word_1_225' title='bbox 845 4211 895 4256; x_wconf 84' lang='lat' dir='ltr'>alc.</span> 
     </span>
    </p>

    <p class='ocr_par' dir='ltr' id='par_1_8' title="bbox 446 4292 1513 4442">
     <span class='ocr_line' id='line_1_30' title="bbox 478 4292 1513 4362; baseline 0.004 -21"><span class='ocrx_word' id='word_1_226' title='bbox 478 4292 625 4342; x_wconf 74' lang='lat' dir='ltr'>decentiore</span> <span class='ocrx_word' id='word_1_227' title='bbox 649 4293 757 4344; x_wconf 80' lang='lat' dir='ltr'>nomino</span> <span class='ocrx_word' id='word_1_228' title='bbox 771 4308 781 4344; x_wconf 92' lang='lat'>.·</span> <span class='ocrx_word' id='word_1_229' title='bbox 796 4292 983 4356; x_wconf 81' lang='lat' dir='ltr'>Constantine,</span> <span class='ocrx_word' id='word_1_230' title='bbox 1004 4294 1090 4356; x_wconf 89' lang='lat' dir='ltr'>Collo,</span> <span class='ocrx_word' id='word_1_231' title='bbox 1108 4294 1183 4358; x_wconf 90' lang='lat' dir='ltr'>Mila,</span> <span class='ocrx_word' id='word_1_232' title='bbox 1203 4295 1401 4362; x_wconf 85' lang='lat' dir='ltr'>Philippeville,</span> <span class='ocrx_word' id='word_1_233' title='bbox 1423 4293 1513 4346; x_wconf 86' lang='lat' dir='ltr'>Oued-</span> 
     </span>
     <span class='ocr_line' id='line_1_31' title="bbox 446 4379 769 4442; baseline 0.006 -13"><span class='ocrx_word' id='word_1_234' title='bbox 446 4379 532 4442; x_wconf 82' lang='lat' dir='ltr'>Saliel,</span> <span class='ocrx_word' id='word_1_235' title='bbox 546 4379 769 4434; x_wconf 86' lang='lat' dir='ltr'>Oued-el-Kebir.</span> 
     </span>
    </p>
   </div>
   <div class='ocr_carea' id='block_1_4' title="bbox 0 0 1765 5324">
    <p class='ocr_par' dir='ltr' id='par_1_9' title="bbox 0 0 1765 5324">
     <span class='ocr_line' id='line_1_32' title="bbox 0 0 1765 5324; baseline 0 0"><span class='ocrx_word' id='word_1_236' title='bbox 0 0 1765 5324; x_wconf 95' lang='lat' dir='ltr'> </span> 
     </span>
    </p>
   </div>
  </div>
 </body>
</html>
