3490 5318
876 583 1036 651 ..pp-

425 741 633 818 praenomen
653 721 847 818 acciperet,
875 731 911 799 et
937 720 1093 818 primum
1120 731 1202 818 post
1227 745 1271 798 ex
1297 726 1395 799 Liria
1417 727 1489 819 pri-

426 848 549 942 vignos
575 851 691 922 locum
717 849 916 935 obtineret,
947 839 1168 943 haberetque
1195 851 1395 924 Marcellam
1425 852 1489 924 Oc·

425 974 528 1048 taviae
556 973 666 1046 liliam
693 979 861 1059 uxorein,
880 953 942 1072 'et‘
962 951 1187 1072 consulatum
1220 994 1306 1046 ann.
1343 977 1385 1047 D.
1420 978 1485 1059 10;

425 1098 591 1172 Antoniae
622 1105 741 1171 autem
772 1117 815 1173 err
848 1091 991 1173 Octauia
1023 1109 1117 1174 natae
1149 1100 1344 1185 nuberent,
1376 1101 1489 1192 major

426 1215 464 1328 L'.
484 1223 638 1296 Domitio
658 1224 896 1297 Ahenobarbo
915 1226 1016 1317 cujus
1037 1245 1080 1298 en
1096 1226 1176 1316 ipsa
1193 1224 1291 1296 lilius
1307 1243 1350 1297 en
1364 1223 1488 1316 Agrip·

423 1347 509 1441 pina
540 1349 716 1421 Neronem
743 1351 884 1440 genuit,
915 1349 1034 1421 minor
1067 1352 1181 1421 Druso
1213 1349 1343 1423 Tiberii
1372 1347 1484 1423 fratri.

424 1472 496 1544 llos
516 1479 634 1545 autem
654 1473 766 1546 fuisse
785 1481 909 1547 notum
930 1481 984 1546 est
1003 1493 1046 1546 ex
1067 1466 1253 1566 Cleopatra
1272 1473 1409 1566 AEgypti
1428 1492 1484 1547 rc·

422 1596 506 1691 gina
537 1599 676 1689 genitos
705 1587 935 1672 Ptolemaeum
968 1598 1211 1690 gemellosque
1244 1597 1486 1672 Alexandrum

422 1723 550 1795 Heliou
571 1722 865 1816 cleopatramque
885 1726 1051 1808 Selenen,
1071 1723 1205 1815 quibus
1222 1721 1486 1814 quodammodo

418 1849 604 1940 iungerem
625 1847 790 1921 Antonia
809 1867 852 1920 ex
879 1850 1035 1921 Antonia
1060 1855 1176 1933 natae,
1203 1855 1289 1920 tunc
1312 1854 1483 1932 mortua,

422 1971 568 2044 liberos.
599 1974 685 2060 Quae
715 1973 885 2064 quidem,
918 1973 1076 2066 primum
1105 1972 1230 2064 Lepidi
1264 1971 1377 2044 lllviri
1410 1970 1486 2044 filio

331 2141 334 2146 ·
421 2094 621 2188 desponsa,
656 2098 794 2189 aliquid
831 2099 1028 2190 peregrinae
1066 2097 1283 2171 conditionis
1319 2095 1485 2170 induerat

378 2205 381 2208 ’
422 2220 591 2294 nubendo
612 2222 814 2314 Pythodoro
835 2223 1034 2307 Asiarchae,
1058 2222 1139 2314 qui,
1165 2221 1232 2295 etsi
1253 2221 1338 2294 ciris
1366 2239 1483 2293 roma·

421 2362 491 2415 nus
510 2347 635 2436 procul
654 2343 764 2418 dubio
785 2346 897 2420 luisse
917 2346 1116 2419 credendus
1134 2353 1188 2420 est
1210 2344 1365 2442 (utqui,
1387 2347 1487 2419 Pom·

420 2468 493 2561 peii
512 2467 732 2562 Antoniique
746 2471 900 2555 amicus,
920 2471 1014 2544 inter
1032 2469 1206 2544 Asiaticos
1225 2472 1361 2563 regium
1381 2471 1486 2561 quasi

421 2592 538 2666 locum
558 2592 715 2688 tenebat)
743 2591 812 2688 (l),
834 2603 954 2668 tamen
973 2612 1115 2687 genere,
1135 2595 1263 2688 patria,
1286 2594 1483 2668 necessitu-

421 2715 589 2802 dinibus,
618 2719 657 2791 in
682 2719 914 2813 dynastarum
946 2718 1223 2811 principumque
1248 2738 1371 2792 earum
1401 2737 1485 2810 gen·

420 2843 510 2915 tium
530 2842 650 2934 potius
671 2861 778 2933 quam
798 2843 836 2914 in
856 2843 985 2915 civium
1005 2861 1236 2916 romanorum
1256 2861 1406 2916 numero
1426 2843 1486 2915 ha·

419 2965 589 3039 bebatur:
620 2968 719 3038 Hanc
747 2985 892 3059 quoquc
925 2967 1140 3040 Antonianae
1176 2967 1311 3041 sobolis
1348 2974 1484 3060 partem

420 3091 623 3184 Augustus,
644 3091 731 3165 dum
755 3109 941 3164 romanam
965 3092 1004 3163 in
1031 3110 1070 3166 re
1094 3092 1239 3184 publica
1267 3092 1484 3185 splendidis·

420 3214 512 3288 simo
532 3215 609 3288 loco
636 3216 787 3300 exaltat,
814 3216 965 3289 summis
990 3216 1259 3309 peregrinorum
1284 3216 1484 3290 honoribus

286 3403 288 3408 ,
420 3347 460 3414 ut
482 3339 707 3432 peregrinam
734 3341 886 3413 ornavit.
914 3342 964 3413 lle
991 3341 1155 3448 maribus
1179 3341 1268 3434 quid
1286 3339 1417 3416 iactum
1438 3340 1485 3414 sit

419 3464 526 3558 plane
552 3463 675 3536 nullus
700 3470 822 3537 auctor
846 3464 1010 3550 tradidit,
1037 3466 1109 3539 nisi
1135 3466 1174 3539 in
1200 3468 1351 3559 Augusti
1377 3465 1483 3540 domo

419 3588 465 3663 ab
486 3586 628 3664 Octauia
647 3588 751 3680 quasi
777 3609 798 3660 a
821 3595 935 3663 matre
960 3591 1128 3665 educatos
1150 3597 1191 3666 ut
1213 3593 1305 3665 lube
1331 3591 1417 3665 olim
1437 3591 1483 3664 ab

420 3713 501 3788 Atia
519 3712 557 3785 iu
577 3713 683 3786 domo
712 3712 862 3786 Caesaris
882 3714 1016 3798 lucram
1039 3714 1102 3788 sed
1126 3717 1262 3809 regium
1286 3733 1419 3789 nomen
1437 3717 1482 3790 ab

420 3838 576 3912 Antonio
596 3837 719 3910 datum
744 3837 850 3911 ctiam
871 3839 950 3912 sine
970 3858 1080 3933 regno
1099 3841 1260 3914 tenuisse
1279 3840 1479 3927 crederem,

419 3963 575 4056 primum
614 3961 711 4053 quod
744 3963 841 4056 apud
873 3963 1072 4058 Augustum
1106 3966 1301 4058 plurimum
1334 3965 1481 4040 Antonii

421 4088 566 4181 sanguis
594 4071 757 4172 valebat,
789 4081 872 4163 dein
893 4085 1137 4182 quianullum
1165 4093 1216 4168 rei
1235 4093 1388 4187 publicae
1407 4100 1482 4167 erat

449 4339 485 4412 p)
498 4339 595 4404 armo,
610 4338 686 4400 xrv.
701 4356 727 4407 p.
741 4341 796 4392 oro.
