3498 5324
712 595 871 656 ..21-

259 740 396 828 patram
424 739 657 824 cognomento
685 731 863 814 Selenen,
893 731 1040 804 Antonii
1070 731 1204 817 filiam,
1232 752 1321 807 uro·

259 877 347 943 rem,
370 846 405 931 et
424 876 572 950 regnum
592 863 780 949 paternum
800 855 956 938 dedisse,
978 863 1086 947 atque
1104 856 1150 928 iis
1170 857 1322 930 amicum

260 1000 401 1073 semper
420 999 459 1053 se
477 981 700 1074 prestitisse.
721 978 925 1052 Numidiam
946 970 1064 1052 a'utem
1084 979 1211 1051 luham
1233 1000 1322 1072 pau-

260 1104 311 1178 cis
341 1104 448 1177 annis
479 1105 665 1186 tenuisse,
697 1103 916 1178 Mauretania
946 1104 985 1175 in
1014 1104 1091 1196 ejus
1124 1104 1241 1176 locum
1269 1123 1325 1177 ac-

260 1235 360 1320 cepta
391 1226 466 1323 (t),
496 1227 692 1302 identidem
722 1227 879 1300 ostendit
903 1229 1056 1301 Tacitus.
1086 1229 1326 1320 scriptoribus

260 1372 343 1446 ergo
360 1353 409 1426 ita
426 1352 721 1437 consonantibus,
744 1353 850 1436 nihil,
866 1353 1151 1446 chronographia
1166 1360 1323 1447 excepta,

137 1493 144 1506 ·
258 1479 298 1550 in
318 1477 428 1551 duhio
446 1496 525 1550 esse
544 1478 683 1551 videtur
705 1502 713 1548 ε
737 1496 778 1549 ea
798 1484 917 1550 autem
938 1478 1089 1550 ohscura
1108 1485 1175 1550 est.

310 1606 386 1691 Quo
400 1619 496 1674 anno
515 1601 693 1674 Numidiae
713 1620 876 1694 regnum,
898 1620 969 1692 quo
990 1602 1218 1675 Mauretaniae
1236 1604 1328 1677 luha
1429 1573 1434 1583 ¹

260 1726 452 1817 acceperit,
476 1745 498 1796 a
522 1725 667 1797 nemine
686 1724 856 1797 traditum
883 1724 1078 1810 hahemus,
1101 1725 1269 1818 idemque
1293 1734 1327 1801 et
1391 1714 1394 1719 ’

261 1851 305 1925 de
325 1850 451 1924 ceteris
474 1851 551 1942 ejus
575 1849 682 1922 rebus
702 1850 810 1942 gestis
830 1848 1028 1921 latendum.
1050 1851 1240 1923 Muellerus
1260 1870 1326 1923 au·
1357 1899 1360 1904 -

258 1981 330 2048 tem
349 1972 414 2069 (ᾖ),
430 1973 604 2046 adhibitis
623 1974 795 2058 nummis,
813 1991 894 2045 eum
911 1975 1166 2046 Mauretaniam
1186 1993 1272 2047 ann.
1291 1995 1325 2050 a.

260 2100 299 2172 C.
314 2102 359 2172 td
371 2098 540 2192 adeptum
560 2099 715 2190 reperire
735 2097 805 2170 sihi
823 2097 923 2169 visus
941 2103 1007 2181 est,
1030 2116 1155 2188 quum,
1179 2100 1329 2172 ermul-

260 2226 306 2297 tis
327 2224 409 2316 quis
436 2230 567 2296 certam
594 2213 680 2295 anni
707 2230 828 2295 notam
855 2224 993 2308 ie'runt,
1022 2224 1145 2296 nullus
1165 2204 1329 2296 {ruffi

261 2346 485 2436 excedatln
513 2347 565 2419 eis
591 2366 612 2417 a
637 2348 827 2419 Ptolemaeo
846 2347 947 2419 lubae
967 2347 1042 2418 lilio
1066 2354 1101 2418 et
1124 2366 1328 2420 successore

261 2473 355 2544 cusis
388 2489 559 2544 numerus
594 2449 686 2542 M
726 2473 839 2562 major
879 2471 1040 2542 nondum
1073 2472 1237 2544 occurrit.
1276 2473 1327 2544 Er

260 2616 353 2688 quo,
372 2614 482 2700 quum
503 2596 635 2668 scimus
656 2614 737 2668 eum
758 2615 843 2666 ann.
870 2597 909 2665 l).
932 2597 978 2665 lo
998 2595 1242 2679 interiectum,
1265 2614 1326 2686 pa·
1391 2618 1395 2627 ·

258 2727 308 2794 tet
338 2739 419 2794 eum
455 2739 541 2792 ann.
573 2722 618 2790 23
651 2720 780 2791 solium
813 2717 1085 2802 conscendisse,
1117 2719 1178 2810 qui
1207 2737 1325 2792 annus

260 2863 371 2936 quum
395 2822 559 2918 unffi
592 2845 774 2937 regnantis
804 2843 905 2915 luhae
933 2862 1011 2915 esse
1047 2842 1168 2924 dehet,
1201 2860 1326 2915 nume-

260 2974 364 3047 randi
379 2971 596 3065 principium
612 2970 659 3043 ad
673 2990 759 3042 ann.
778 2989 812 3040 a.
831 2970 869 3040 C.
889 2971 934 3039 25
950 2967 1175 3040 referendum
1193 2967 1326 3040 videbi-

260 3106 330 3171 tur.
353 3095 437 3180 Sed,
459 3113 667 3187 quanquam
690 3113 772 3167 vero
792 3094 935 3176 similis,
959 3111 1031 3163 non
1055 3100 1148 3164 certa
1167 3092 1273 3182 plane
1292 3099 1328 3166 ct

260 3222 365 3295 nohis
381 3221 605 3293 satisfactura
625 3221 827 3310 conjectura
845 3217 1005 3289 Muelleri
1023 3222 1231 3307 appareret,
1252 3215 1323 3288 nisi

257 3349 358 3431 aliae,
382 3363 473 3438 quas
492 3351 574 3436 post
594 3343 808 3426 referemus,
831 3340 993 3412 subsidio
1013 3346 1133 3412 essent
1151 3341 1322 3412 rationes.

257 3475 380 3565 Neque
408 3470 504 3544 enirn
538 3468 706 3541 omnihus
734 3469 837 3571 viris!
854 3466 967 3539 doctis
992 3472 1134 3556 accepta
1162 3472 1217 3536 est
1249 3461 1321 3560 (5);

259 3616 376 3690 neque
412 3595 672 3668 affirmaremus
707 3593 847 3665 nullum
885 3590 998 3662 inisse
1035 3608 1224 3661 nummum
1261 3591 1323 3681 qui

258 3719 363 3792 nohis
382 3721 507 3793 insciis
534 3725 596 3792 aut
618 3717 719 3790 lubae
734 3695 913 3788 {xx—vrso
937 3720 999 3785 aut
1019 3714 1200 3786 Ptolemaei
1222 3693 1323 3786 x—vuu

257 3862 392 3917 annum
430 3846 606 3928 haheret;
647 3849 682 3915 et
719 3843 785 3914 Dio
823 3840 1015 3921 Cassius,
1039 3839 1106 3911 etsi
1145 3839 1320 3911 Maureta-

258 3970 356 4040 niam
375 3953 438 4061 pro
463 3968 632 4042 Numidia
650 3972 828 4060 acceptam
852 3971 933 4058 post
961 3963 1070 4037 finem
1089 3962 1175 4036 helli
1196 3962 1323 4036 Canta·

287 4168 323 4234 (ι)
338 4148 412 4231 rae,
426 4170 507 4228 rte..
522 4166 570 4229 rv,
584 4169 609 4218 s.

286 4258 321 4324 (2)
338 4257 368 4309 Ρ.
385 4255 501 4310 tlt-115.

289 4348 323 4414 (3)
339 4346 402 4398 Vid.
417 4346 505 4412 ipsum
519 4344 684 4406 Muellerum,
699 4359 726 4409 p.
742 4343 869 4416 idi-133..
