3490 5318
783 604 785 610 ’
880 590 1059 652 -lto-

437 736 515 802 rent
545 748 655 818 quum
685 746 727 801 ex
756 728 877 800 indole
896 746 1015 800 rerum
1040 735 1116 800 tum
1143 747 1184 800 ex
1212 729 1335 801 multis
1356 730 1497 804 iudiciis

435 872 548 946 graeca
576 853 672 943 apud
695 854 823 925 tubam
849 854 972 926 luisse.
1001 853 1165 926 attamen
1198 872 1309 926 uuum
1338 862 1499 946 superest

436 975 491 1048 De
514 975 651 1047 Arabio
679 997 769 1068 opus
799 979 896 1068 quod
920 979 1029 1050 latine
1048 977 1241 1074 ,conditum
1265 979 1377 1051 luisse
1401 980 1495 1053 Dod-

435 1104 559 1176 wellus
590 1102 804 1204 contendere
828 1103 939 1175 voluit
976 1099 1044 1197 (l),
1080 1103 1233 1175 maxime
1264 1105 1349 1194 quia
1386 1104 1499 1196 spatia

436 1227 636 1298 Graecorum
657 1226 703 1296 ad
723 1229 964 1298 Romanorum
987 1227 1154 1298 milliaria
1169 1211 1331 1300 conditor
1349 1229 1495 1320 redegit.

436 1352 600 1440 quamvis
618 1371 660 1423 ea
680 1351 805 1423 stadiis
825 1359 860 1424 et
882 1352 1090 1442 parasangis
1111 1339 1279 1442 expressa
1298 1352 1394 1442 apud
1413 1371 1496 1424 auc·

435 1481 530 1550 tores
551 1495 635 1548 suos
656 1477 844 1548 inveniret.
866 1479 950 1548 lure
969 1493 1050 1547 vero
1071 1477 1109 1546 C.
1133 1476 1323 1549 Muellerus
1344 1473 1414 1570 (l),
1437 1478 1498 1548 Po·

434 1609 510 1674 tero
536 1608 655 1672 tamen
686 1619 759 1671 oon
794 1599 1035 1682 assentiente,
1065 1599 1205 1671 monuit
1231 1599 1428 1672 cavendum
1455 1619 1499 1673 ne

436 1725 702 1798 conversionem
741 1724 898 1806 Plinius,
944 1742 1017 1795 nou
1055 1724 1179 1805 luha,
1220 1724 1363 1816 leserit,
1409 1724 1498 1796 sicut

436 1848 635 1941 saepissime
653 1849 743 1920 solet
759 1867 870 1939 quum
881 1867 924 1920 ex
938 1850 1061 1940 grauis
1076 1848 1197 1919 haurit
1215 1848 1387 1920 lontibus.
1407 1850 1497 1921 Prae-

438 1981 532 2046 terea
559 1973 687 2043 iubam
714 1992 735 2042 a
755 1973 924 2043 Romanis
950 1990 1129 2061 nusquam
1152 1971 1367 2044 vindicatum
1388 1973 1499 2044 cerui-

438 2117 531 2184 mus,
555 2115 660 2187 quem
677 2103 800 2167 contra
819 2095 1030 2167 Plutarchus
1050 2095 1107 2167 bis
1128 2095 1221 2166 inter
1241 2113 1373 2186 graecos
1390 2096 1498 2185 scrip·

439 2226 530 2292 tores
558 2221 679 2292 mittit.
714 2219 772 2292 lit
800 2220 896 2292 enim
924 2219 1020 2309 apud
1044 2219 1218 2292 Caesarem
1243 2218 1431 2291 educatum
1456 2235 1497 2290 ex

437 2345 591 2415 Barbalo
617 2350 651 2415 et
675 2343 827 2415 Numida
859 2339 1011 2413 Ἑλλήνων
1037 2353 1102 2420 τοῖς
1127 2343 1411 2435 πολυμαθεστάτοις
1435 2344 1499 2410 ἐνά-

437 2471 537 2562 ριθμον
557 2471 689 2562 γένεσθαι
710 2479 929 2562 συγγραφεῦσις
950 2476 985 2539 el
1004 2468 1113 2547 alias,
1137 2467 1200 2539 ubl
1227 2466 1354 2539 dividit
1377 2474 1497 2539 alicio·

437 2611 492 2664 res
524 2591 657 2683 quihus
685 2592 816 2672 utitur,
847 2593 892 2663 ab
927 2611 998 2663 uua
1025 2599 1124 2683 parte
1158 2592 1294 2663 Livium
1325 2592 1499 2664 Gaesarem

435 2717 603 2806 Nepotem
633 2717 757 2806 pouit,
785 2717 830 2788 ab
859 2717 970 2788 altera
988 2727 1048 2785 τῶν
1085 2711 1270 2791 Ἑλληνικῶν
1294 2734 1410 2807 regem
1441 2719 1499 2789 Ju-

435 2841 517 2913 bem
549 2838 613 2935 (3).
650 2842 770 2931 Neque
803 2843 919 2912 solum
950 2859 1062 2932 graeco
1088 2858 1253 2912 sermone
1285 2839 1349 2913 sed
1385 2859 1497 2931 graeco

436 2966 541 3037 etiam
572 2968 692 3037 auimo
728 2967 915 3057 scripsisse
947 2966 1075 3037 Jubam
1111 2963 1303 3036 crederem.
1347 2964 1498 3035 Fabulas

436 3093 532 3162 euim
550 3110 679 3182 graecas
696 3090 835 3183 Libycis
856 3092 894 3161 iu
914 3091 1065 3163 historia
1084 3091 1285 3181 miscuisse,
1307 3097 1342 3162 et
1360 3090 1498 3162 Graecos

436 3221 597 3286 auctores
619 3215 656 3285 iu
678 3215 745 3286 hoc
763 3215 942 3302 imitatum
962 3215 1073 3287 luisse
1093 3215 1190 3304 quoii
1209 3233 1357 3285 romana
1380 3216 1501 3286 omnia

437 3338 609 3409 aGraecis
630 3339 787 3411 derivata
813 3339 958 3420 laceret,
980 3338 1175 3430 fragmenta
1195 3341 1272 3430 ejus
1292 3347 1468 3413 testantur
1489 3366 1497 3410 ε

438 3463 558 3552 utqui
585 3463 709 3553 graecis
735 3463 937 3554 disciplinis
964 3466 1013 3536 ita
1035 3464 1246 3536 informatus
1272 3473 1346 3538 erat
1365 3473 1404 3551 ut
1427 3484 1499 3536 uon

436 3584 539 3659 aliter
555 3606 596 3657 ao
614 3605 748 3678 graecus
769 3587 889 3659 rhetor
908 3589 952 3660 de
972 3589 1078 3660 rebus
1094 3590 1263 3661 omnibus
1279 3590 1423 3663 diceret.

484 3713 629 3783 Nullum
646 3729 727 3783 vero
746 3730 789 3783 ex
810 3713 992 3805 litteratis,
1014 3713 1233 3796 artificibus,
1256 3714 1368 3788 doctis
1385 3715 1500 3788 homi·

437 3835 544 3908 uibus
564 3855 654 3926 quos
678 3836 773 3926 apud
799 3855 838 3908 se
860 3839 990 3909 accitos
1017 3839 1152 3921 tenuit,
1173 3847 1303 3928 prater
1322 3827 1498 3912 medicum

465 4164 497 4227 (Ι)
519 4163 578 4214 viu.
594 4163 678 4225 Milli..
692 4165 724 4214 ad
739 4166 832 4228 lragm.
848 4164 886 4214 39.

469 4251 500 4316 (l)
520 4252 549 4302 P.
564 4252 618 4304 468.

466 4345 498 4405 (3)
518 4343 598 4402 Plul..
616 4347 685 4405 Coc,
702 4346 745 4400 55;
761 4348 846 4409 Comp.
862 4345 948 4410 Pelop.
965 4346 1123 4403 cum-llere..
1143 4346 1163 4397 l.
