3490 5318
728 626 889 688 ..77-

234 857 237 864 ¹
278 767 369 842 sisse
384 766 615 860 Glaphyram,
632 764 796 839 Archelai
811 763 1032 856 Cappadocis
1048 763 1173 847 liliam,
1190 762 1342 835 bleran-

279 893 333 968 drl
351 892 465 964 lunai
486 890 650 974 viduam,
673 889 771 982 quod
795 889 1063 962 matrimonium
1082 889 1185 961 ualde
1208 891 1341 981 impro-

278 1017 398 1090 babile
413 1016 552 1089 videtur
569 1016 600 1088 si
614 1015 706 1087 Juba
720 1034 739 1088 e
755 1033 863 1107 regno
883 1033 948 1088 suo
968 1033 1153 1105 nunqnam
1170 1015 1256 1085 exiit
1275 1011 1340 1108 (l).

280 1140 490 1230 conjectura
517 1157 598 1230 ergo
626 1139 784 1212 Muelleri
810 1144 950 1211 tantum
974 1137 1189 1210 verosimilis
1210 1144 1283 1221 est,
1305 1144 1345 1210 nt

280 1284 343 1357 pro
364 1283 445 1337 vero
465 1265 528 1356 qui
552 1281 631 1336 eam
655 1264 822 1356 accipiet,
845 1265 942 1336 bunc
960 1281 1079 1338 errare
1099 1263 1247 1335 minime
1272 1280 1344 1336 cre·

282 1390 377 1462 ulam.

330 1514 400 1586 Sed
413 1513 526 1586 redux
541 1514 586 1586 ab
603 1514 814 1607 interruptis
829 1531 893 1605 per
903 1512 980 1586 Gaii
995 1515 1125 1587 vulnus
1141 1532 1182 1586 ao
1195 1520 1344 1587 mortem

281 1641 320 1712 in
340 1640 484 1713 Oriente
512 1640 619 1712 rebus
645 1639 737 1712 luha
763 1639 860 1712 domi
885 1640 1020 1712 bellum
1045 1640 1184 1712 hahuit.
1218 1641 1345 1713 Gaetuli

143 1827 148 1838 .
283 1765 377 1837 enim
397 1764 443 1836 ab
464 1783 505 1839 eo
521 1765 755 1848 desciverant,
773 1772 808 1837 et
823 1765 954 1836 mirum
971 1766 1008 1836 in
1027 1764 1173 1837 modum
1192 1773 1347 1839 creverat

283 1889 425 1964 seditio.
449 1889 547 1981 Regii
567 1889 742 1962 exercitus
758 1909 799 1962 ac
813 1889 935 1975 duces,
954 1873 1157 1962 coercendis
1171 1890 1346 1962 rebellan-

282 2014 379 2086 tibus
409 2013 583 2104 impares,
604 2033 650 2087 ne
676 2015 932 2088 Mauretaniam
958 2013 1104 2105 quidem
1123 2015 1231 2086 tutari
1260 2013 1347 2090 satis

282 2145 493 2228 potuerunt,
519 2144 573 2223 et,
600 2139 701 2210 victis
724 2157 798 2210 una
822 2157 902 2211 cum
928 2139 980 2210 eis
1014 2157 1056 2210 ex
1087 2137 1203 2210 Africa
1225 2138 1348 2212 missis

283 2263 441 2345 auxiliis,
459 2263 582 2334 omnia
596 2263 807 2336 conturbata
826 2269 911 2336 sunt
928 2288 936 2335 :
954 2262 1068 2336 donec
1081 2262 1262 2355 Augustus
1281 2263 1346 2337 Cn.

284 2385 489 2460 Cornelium
503 2389 692 2461 Lentulum
708 2389 859 2462 Cossum
874 2408 952 2461 cum
965 2389 1081 2460 valido
1095 2390 1221 2463 robore
1236 2391 1347 2472 misit,

284 2512 491 2603 bellumque
508 2512 652 2585 demum
672 2515 870 2586 conlectum
886 2514 996 2587 Cosso
1012 2515 1174 2586 Gaetulici
1194 2533 1347 2599 nomen,

284 2636 384 2708 Jubae
403 2654 539 2727 pacem,
562 2637 706 2727 utrique
724 2637 819 2709 dona
837 2637 1067 2729 triumphalia
1081 2655 1167 2710 ann.
1187 2641 1229 2711 D.
1254 2642 1274 2709 6
1294 2657 1351 2729 pe·

285 2757 408 2855 perit(
434 2758 462 2853 ).

238 2935 241 2942 ,
335 2885 476 2958 Potenti
502 2904 543 2957 ac
567 2904 697 2977 magno
717 2904 825 2976 regno
852 2894 887 2959 et
912 2887 982 2977 ipsi
1007 2887 1133 2961 Africae
1159 2889 1352 2980 provinciae

287 3010 502 3101 periculum,
524 3011 755 3102 romanisque
775 3011 977 3102 legionibus
1001 3012 1141 3095 hosteS,
1164 3011 1351 3084 Gaetuliam

288 3135 414 3206 tulisse
442 3134 632 3207 mirabitur
659 3136 721 3225 qui
749 3135 825 3207 loca
844 3136 907 3206 ubi
927 3136 989 3206 illa
1008 3135 1075 3206 luit
1097 3142 1159 3207 aut
1181 3135 1269 3207 vidit
1291 3143 1353 3208 aut

289 3258 437 3349 legendo
458 3259 582 3348 quales
602 3259 676 3331 siut
696 3259 832 3331 didicit.
859 3261 921 3330 Est
941 3259 1055 3339 enim,
1075 3267 1115 3331 ut
1134 3279 1242 3350 supra
1261 3260 1350 3346 dixi,

289 3383 401 3455 multa
416 3402 459 3455 11
478 3391 579 3474 parte
597 3403 707 3456 uacua
721 3384 895 3455 cultorum
915 3391 1009 3455 terra
1023 3391 1057 3457 et
1072 3403 1152 3475 quae
1168 3385 1214 3456 ad
1230 3387 1353 3458 solitu·

289 3508 410 3580 dinem
431 3515 546 3581 creata
570 3508 750 3580 interdum
769 3526 917 3599 prorsus
937 3508 1096 3594 uidetur,
1119 3528 1237 3600 neque
1255 3510 1355 3583 Melae

220 3644 223 3649 ·
290 3633 391 3706 111111
412 3633 590 3715 creditur,
612 3650 683 3724 quo
703 3640 846 3704 auctore
865 3633 992 3705 Gaetuli
1012 3634 1109 3705 natio
1132 3634 1301 3723 frequens
1321 3642 1355 3706 et

290 3759 477 3849 multiplex
504 3766 605 3830 erant
637 3754 700 3853 (5).
724 3759 775 3831 be
801 3758 961 3829 Gaetuliae
986 3759 1199 3849 geographia
1221 3735 1359 3849 plenis

291 3883 381 3956 sime
392 3883 641 3956 disseruerunt
652 3884 787 3974 plureS,
805 3901 895 3972 quos
908 3883 1020 3954 anteit
1033 3883 1086 3953 vir
1102 3884 1217 3954 clarus
1230 3882 1354 3957 Vivien

321 4219 355 4290 (l)
370 4221 432 4276 vid.
448 4226 553 4292 ard-cap»
570 4216 604 4275 V.

324 4315 357 4379 (1)
373 4315 423 4366 oro
434 4314 516 4374 cass,
534 4313 652 4373 11111
669 4307 747 4375 rior..
762 4304 796 4375 tr,
817 4313 852 4374 11,
869 4309 914 4372 1ο,
928 4305 998 4366 verr.
1014 4315 1080 4378 rat..
1096 4316 1129 4376 11,
1149 4314 1183 4366 rc.

323 4405 357 4468 (a)
370 4405 441 4466 uer,
459 4406 479 4460 1,
494 4405 516 4453 r.
