3498 5324
679 584 840 644 ..47-

229 715 327 808 ipsos
345 734 409 807 per
422 722 536 790 totum
551 715 727 809 Maplrreb
745 717 839 792 hanc
856 720 973 811 ipsam
988 721 1161 811 agitantes
1180 723 1288 794 vitam

229 838 417 930 descripsit
443 839 718 914 ibn-Khaldoun
748 838 819 935 (l),
846 850 881 915 et
906 851 1051 916 noverat
1077 846 1289 936 Procopius,

230 981 342 1053 quum
363 981 425 1037 eos
454 965 555 1037 humi
583 965 756 1048 dormire,
788 983 905 1057 neque
924 984 1017 1056 pane
1043 985 1161 1059 neque
1188 970 1289 1055 vino,

230 1088 331 1162 nullo
349 1088 427 1162 cibo
446 1089 542 1162 bono
562 1091 628 1174 nti,
649 1090 791 1163 easdem
812 1110 953 1182 semper
971 1099 1086 1166 restes
1106 1112 1291 1185 nunquam

230 1219 385 1286 mutatas
404 1219 545 1297 tenere,
571 1217 692 1288 omnia
710 1216 886 1306 pecudum
906 1218 1026 1307 potius
1046 1237 1153 1309 qnam
1173 1220 1289 1292 bomi-

231 1354 318 1408 num
344 1336 415 1409 ritu
435 1338 627 1428 opereat,
650 1346 684 1411 ot
700 1338 836 1412 viderat
854 1339 1045 1412 Sallustius
1070 1341 1131 1431 qni
1162 1342 1294 1415 similia

231 1457 276 1530 do
294 1459 340 1532 iis
365 1459 487 1533 tradit.
510 1463 613 1534 Forte
633 1468 752 1535 autem
775 1483 816 1535 ac
835 1463 1156 1557 robustumgonus
1176 1474 1210 1538 ot
1233 1486 1291 1539 ar-

232 1588 285 1653 tes
311 1583 381 1656 sibi
405 1584 512 1657 utiles
542 1587 727 1660 tractabat.
755 1587 895 1679 Quippe
922 1587 984 1678 qni
1010 1595 1125 1662 vestes
1150 1591 1293 1663 villosas

233 1723 322 1795 quas
348 1725 413 1798 pro
439 1708 654 1781 lacto-humi
679 1709 903 1796 sternebant,
930 1711 1019 1783 alias
1043 1730 1132 1802 quas
1156 1717 1295 1805 corpori

66 1817 70 1824 “
175 1837 179 1844 ·
233 1827 454 1914 induebant,
483 1838 517 1904 et
543 1839 662 1906 texere
688 1840 723 1906 et
746 1852 872 1907 ornare
896 1835 1075 1907 coloribus
1100 1845 1292 1923 noverant;

234 1950 356 2024 fictilia
376 1972 459 2026 vasa
476 1956 590 2029 multa
610 1965 644 2031 ot
663 1958 776 2041 bona,
798 1958 978 2030 interdum
1006 1977 1079 2031 non
1102 1960 1292 2046 indecora,

234 2099 351 2166 arma,
374 2083 655 2157 instrumentum
679 2082 725 2156 ad
746 2101 850 2174 agros
876 2084 1044 2156 colendos
1070 2091 1132 2158 aut
1157 2086 1203 2158 ad
1229 2087 1293 2159 do·

235 2206 400 2279 mesticos
432 2225 520 2278 usus
551 2207 791 2280 necessarium
821 2208 933 2280 multa
959 2207 1138 2281 industria
1164 2211 1297 2301 optime

235 2330 429 2420 parabant;
460 2350 510 2404 aas
543 2331 688 2422 quidem
720 2333 839 2424 potius
872 2352 893 2404 a
924 2333 1044 2406 Poenis
1077 2335 1299 2426 accipiebant

239 2473 346 2545 quam
363 2454 445 2547 ipsi,
459 2455 709 2529 deficientibus
724 2463 759 2528 et
775 2463 904 2529 stanno
920 2463 955 2529 ct
968 2475 1090 2549 cupro,
1107 2459 1295 2543 creabant;

237 2577 301 2651 sed
320 2577 382 2650 ubi
397 2577 528 2651 icrrum
549 2585 636 2663 crat,
660 2578 757 2670 quod
776 2580 814 2650 in
834 2579 942 2650 uariis
961 2579 1117 2670 regionis
1135 2580 1297 2673 partibus

237 2703 409 2788 abundat,
427 2704 580 2776 effodere
595 2705 750 2777 conilare
769 2705 807 2776 in
827 2723 952 2777 omnes
972 2712 1175 2778 convertero
1193 2725 1295 2790 usus,

238 2827 320 2916 plns
346 2845 432 2900 sane
453 2811 560 2919 quam
582 2828 656 2901 illis
679 2828 901 2920 temporibus
927 2829 988 2900 alii
1015 2829 1127 2901 multo
1152 2829 1297 2920 qnidam

240 2950 449 3024 excultiores
467 2953 605 3043 populi,
627 2952 811 3035 valebant;
831 2952 893 3024 ubi
909 2970 996 3035 non,
1013 2959 1053 3025 nt
1071 2952 1112 3025 iit
1130 2953 1169 3024 in
1184 2953 1299 3026 Gaetu·

240 3073 300 3157 lia,
314 3075 413 3147 silice
427 3091 516 3147 caeso
531 3073 719 3146 armabant
733 3077 854 3146 hastas
870 3073 1150 3166 sagittarumque
1169 3073 1297 3164 capita,

239 3199 438 3289 priscorum
456 3198 642 3269 bominum
658 3197 776 3280 modo,
797 3205 831 3270 et
852 3197 1001 3279 silicem,
1018 3196 1183 3286 praedura
1198 3215 1298 3282 saxa,

241 3339 324 3395 ossa
350 3323 455 3394 etiam
487 3322 687 3395 belluarum
717 3320 950 3393 solertissime
977 3321 1147 3393 humanis
1173 3321 1301 3394 usibus

133 3486 135 3488 -
241 3445 413 3519 inservire
436 3445 634 3529 iaciebant3
663 3445 799 3536 lignum
823 3444 979 3534 deniquo
1003 3447 1180 3536 scalpere,
1209 3448 1301 3519 scnl·

241 3588 338 3663 pere,
355 3569 562 3642 omnimodo
582 3569 619 3640 in
640 3569 771 3641 lormas
785 3569 899 3640 varias
914 3574 949 3641 et
967 3569 1154 3659 multiplex
1172 3570 1302 3643 instru-

243 3702 403 3768 mentum
428 3693 573 3783 dpc'erc,
600 3692 811 3766 mirabiliter
835 3700 1007 3765 noverant
1033 3688 1098 3786 (2).
1118 3693 1189 3765 Nec
1213 3692 1302 3765 adeo

243 3819 350 3894 rudes
369 3826 470 3893 erant
491 3827 529 3892 ut
547 3819 727 3911 principes
747 3835 787 3889 ac
806 3816 918 3908 reguli
939 3823 973 3888 et
992 3815 1147 3907 superba
1167 3816 1299 3892 nobili

276 4047 310 4112 (i)
329 4044 500 4107 ibn-Rham..
516 4051 550 4098 tr.
566 4047 599 4099 de
612 4046 703 4109 blane,
725 4051 743 4098 t.
760 4043 785 4109 Ι,
799 4061 826 4110 p.
849 4042 892 4096 lod
905 4047 992 4101 ato...;
1008 4041 1101 4106 Proc,
1116 4043 1144 4092 Β.
1164 4043 1205 4105 n,
1221 4041 1255 4100 ΙΙ.
1271 4041 1302 4102 63

244 4133 317 4198 Sall,
331 4138 401 4199 lup..
418 4135 456 4186 18.

275 4224 311 4288 (ll
326 4223 365 4275 De
382 4227 476 4276 barum
490 4226 627 4290 regionum
641 4231 840 4290 temporumque
853 4223 955 4274 artibus
967 4222 1038 4274 dicta
1052 4221 1172 4286 quaedam
1185 4219 1304 4270 inventas

245 4313 274 4362 in
292 4314 388 4378 Voycpe
402 4313 508 4375 d'ttnde,
522 4313 629 4378 passim.
