3498 5324
438 1871 522 1926 runa
547 1871 614 1924 ruo
634 1871 778 1926 nunrnn
796 1870 929 1926 accrrrr
947 1871 1209 1935 munumentum
1233 1841 1343 1939 Quane
1366 1874 1504 1928 menon

622 1996 657 2048 m
683 1995 804 2049 rurmr
830 1997 871 2048 nr
897 1997 1026 2062 onnes
1052 1997 1086 2049 m
1113 1997 1156 2048 no
1183 1997 1322 2050 cenans.

490 2334 582 2408 tuba
615 2354 732 2428 neque
761 2334 965 2408 Numidiam
997 2356 1115 2428 neque
1142 2340 1396 2412 Mauretaniam
1425 2358 1507 2429 qnae

442 2459 583 2532 inerant
600 2459 757 2532 obtinuit
774 2484 782 2530 :
801 2477 930 2551 nempe
948 2462 1148 2533 Masinissae
1167 2481 1316 2552 reguum
1337 2470 1434 2534 tanto
1449 2463 1507 2534 de·
1553 2460 1559 2472 '

444 2583 640 2666 minutum,
664 2585 836 2676 Syphacis
861 2591 959 2656 tanto
986 2592 1173 2658 exauctum
1199 2593 1240 2658 ut
1264 2588 1334 2657 alia
1359 2587 1506 2658 omnino

445 2716 578 2790 essent,
601 2709 747 2800 accepit.
771 2710 928 2780 Primum
949 2710 1045 2782 enim
1065 2711 1284 2782 Mauretania
1303 2711 1349 2782 ab
1368 2713 1507 2783 Oceano

444 2832 489 2905 ad
516 2832 718 2906 Mulucham
753 2833 845 2915 luit,
877 2833 981 2915 dein,
1006 2833 1091 2905 dum
1118 2853 1174 2906 res
1205 2835 1438 2908 Numidarum
1468 2843 1508 2908 ut

443 2975 552 3048 snpra
576 2957 650 3028 diri
675 2957 1034 3048 praecipitantium
1058 2958 1105 3030 ad
1126 2960 1322 3041 Nasavatb‚
1352 2978 1434 3030 mox
1461 2960 1507 3032 ad

445 3083 670 3173 ampsagam,
691 3083 851 3173 protulit.
875 3083 973 3154 lianc
989 3081 1132 3154 demum
1153 3083 1427 3167 Mauretaniam,
1449 3085 1505 3156 bis

444 3207 537 3278 inter
564 3207 689 3281 iratres
716 3207 866 3279 divisam
893 3208 942 3278 ita
974 3215 1013 3279 ut
1043 3226 1125 3298 pars
1160 3209 1367 3300 Bogudiaua
1397 3211 1508 3283 altera

446 3330 571 3402 Bocchi
599 3330 792 3414 diceretur,
824 3332 1019 3404 novissime
1039 3333 1106 3405 sub
1131 3335 1267 3406 Boccho
1291 3353 1372 3426 rege
1398 3353 1506 3405 unam

445 3437 552 3546 atoue
569 3456 741 3546 integram
762 3462 797 3528 et
814 3475 854 3527 eo
874 3464 1013 3529 mortno
1034 3458 1158 3549 populi
1178 3460 1316 3532 romani
1336 3459 1507 3550 quodam-

446 3578 550 3650 modo
571 3580 722 3662 iactam,
753 3580 845 3651 tuba
872 3599 934 3672 pro
962 3581 1129 3654 Numidia
1155 3582 1293 3655 babuit.
1317 3583 1432 3675 Atque
1459 3585 1508 3654 ita

446 3705 588 3796 populis
608 3702 776 3778 omnibus
797 3706 841 3777 ab
862 3706 1038 3798 brnpsaga
1056 3707 1102 3779 ad
1123 3709 1299 3780 Oceanum
1322 3728 1426 3799 quem
1449 3709 1508 3780 m-
1556 3783 1558 3788 ,

445 3829 615 3902 lautianm
647 3849 833 3910 vocamus,
868 3831 1001 3904 scilicet
1030 3831 1194 3904 Numidis
1225 3834 1438 3924 Massaesylis
1469 3853 1509 3904 ac

446 3952 595 4035 Mauris,
624 3954 707 4025 ilem
737 3956 900 4038 Getulis,
932 3956 1097 4046 gentibus
1129 3956 1224 4047 vagis
1251 3956 1296 4028 ad
1323 3956 1506 4028 meridiem

447 4076 699 4164 incolentibus,
721 4079 920 4176 imperabat
944 4077 954 4173 (
980 4075 1008 4170 ).

478 4357 510 4421 (l)
530 4357 578 4408 Dio
592 4356 675 4424 Caes,
695 4359 766 4417 olli,
780 4357 825 4418 26;
841 4358 937 4419 strab..
952 4355 999 4420 Vl,
1015 4375 1041 4425 p.
1057 4359 1111 4410 288.
