3490 5318
739 625 781 644 .-
800 593 836 656 91
859 625 900 642 .-

648 727 769 790 num
792 749 801 768 ·
827 727 994 790 euroin
1073 691 1083 706 “

715 836 848 899 lVBAE
872 857 880 876 ·
906 835 931 898 L

616 940 749 1006 VIXIT
770 961 781 985 ·
804 941 863 1003 AN
889 962 900 984 ·
922 940 1026 1004 XXX

700 1048 731 1111 Η
756 1069 766 1092 ·
789 1048 810 1111 8
833 1070 842 1091 ·
866 1049 945 1112 EST

335 1297 547 1371 Nullatenus
574 1313 656 1388 ergo
687 1294 838 1368 dubium
869 1300 925 1368 est
947 1295 1037 1386 quin
1062 1293 1155 1366 luha
1178 1291 1264 1366 airis
1293 1311 1351 1376 ro·

205 1472 209 1479 -
286 1440 416 1496 manus
445 1421 484 1494 C.
513 1419 599 1494 iulii
624 1418 772 1493 nomine
793 1417 913 1491 luerit.
945 1419 1022 1505 Quo
1049 1424 1168 1490 autom
1194 1424 1354 1509 tompore

287 1546 463 1620 diritatem
482 1547 656 1637 acceperit
682 1543 859 1628 nesoitur,
886 1562 933 1617 an
959 1561 1033 1614 una
1059 1560 1139 1615 oum
1166 1542 1354 1633 Cleopatra

286 1688 489 1763 regnoque,
511 1687 558 1742 an
582 1666 692 1764 (quod
712 1667 824 1759 magis
844 1667 934 1740 milri
954 1666 1099 1760 quidem
1124 1662 1290 1758 placeret)
1313 1666 1353 1737 11

287 1795 438 1869 Caesaris
458 1795 585 1878 domo,
612 1813 722 1884 quum
750 1793 796 1865 ad
821 1810 899 1864 eam
927 1797 1067 1864 aetatem
1086 1791 1184 1864 venit
1202 1763 1274 1883 qua
1300 1789 1350 1863 oi·
1398 1799 1404 1810 ·

286 1921 382 1994 vium
401 1936 631 1994 romanorum
652 1915 718 1990 filii
737 1917 876 1990 virilem
897 1923 1013 2009 togam
1035 1916 1238 1989 sumebant.

196 2031 201 2042 ’
334 2045 531 2137 Cleopatra
550 2061 630 2135 quae
657 2041 814 2116 conditio
834 2041 941 2116 luerit
964 2059 1062 2114 nuno
1083 2039 1190 2114 nobis
1213 2047 1268 2114 est
1293 2059 1353 2114 ex·

286 2167 516 2268 quirendum.
1444 2153 1446 2160 '

333 2277 567 2366 Notissimum
587 2298 643 2364 est
659 2291 880 2383 Augustum,
899 2291 994 2363 hollo
1015 2288 1117 2364 linito
1138 2290 1354 2382 Antylloque
1417 2293 1420 2298 ’

286 2417 419 2490 Fulviae
443 2415 518 2488 lilio
545 2415 771 2489 Alexandriae
796 2421 943 2499 ueoatu,
965 2414 1113 2490 Antonii
1141 2415 1353 2506 superstites

285 2542 419 2614 liberos
439 2558 560 2614 serum
579 2539 840 2631 benignissime
857 2541 1036 2621 tenuisse,
1059 2540 1109 2611 ita
1123 2545 1163 2611 ut
1183 2539 1354 2629 quodam·

286 2666 392 2738 modo
419 2666 513 2738 inter
537 2667 760 2738 necessarios
786 2666 947 2738 haberet.
979 2668 1139 2752 Quorum
1168 2666 1230 2737 alii
1261 2666 1353 2738 oives

285 2791 347 2864 alii
366 2791 545 2883 peregrini
574 2797 692 2873 erant,
714 2790 752 2861 hi
773 2791 918 2881 quidem
946 2810 1012 2862 neo
1034 2791 1183 2882 legitimi
1203 2809 1270 2864 neo
1290 2791 1353 2882 qui

286 2917 375 2988 tales
395 2915 473 2989 deri
499 2923 666 3006 possent,
689 2916 823 3007 quippe
849 2922 883 2988 et
907 2915 1100 2989 adulterini
1126 2922 1160 2988 et
1186 2935 1230 2988 ex
1250 2917 1353 2988 hoste

287 3041 457 3130 suseepti.
489 3041 573 3112 lllos
601 3041 781 3131 Augustus
810 3041 913 3130 quasi
940 3039 1095 3113 liliorum
1124 3039 1353 3130 filiarumque

287 3164 363 3236 looo
383 3164 518 3247 tenuit,
539 3182 603 3254 por
623 3164 803 3254 quoddam
821 3182 932 3254 genus
952 3163 1167 3255 imperfectae
1186 3182 1252 3236 neo
1270 3165 1354 3237 alte·

287 3288 362 3360 rius
388 3287 543 3379 exempli
566 3288 826 3380 adoptationis,
858 3288 908 3359 ita
934 3295 974 3359 ut
997 3289 1043 3360 ll.
1072 3287 1251 3360 Antonius
1281 3289 1353 3360 Juli

581 3565 802 3637 pptvmruo
837 3567 1010 3617 rexsrr

580 3655 836 3721 lllllllllllllllNE·
863 3655 1009 3705 noter

459 3783 463 3794 ,
580 3744 798 3808 11111111
832 3761 837 3773 ·
874 3745 1009 3794 rvuvs
1059 3719 1127 3794 TV

690 3955 784 4037 rima
831 3985 950 4036 erenrs

599 4076 705 4126 neers
724 4051 973 4134 ·‚er0neuael
994 4095 1000 4108 ·
1020 4080 1042 4128 ι

687 4177 715 4225 m
742 4193 748 4207 ·
773 4155 948 4226 'clsrumd

687 4265 878 4316 seneveio
913 4281 919 4294 ·
953 4265 976 4314 r:

794 4354 847 4402 vu
