3498 5324
885 603 1044 666 ..22-

432 740 521 812 brici
548 741 694 812 collocet
724 738 799 834 (qui
823 739 907 811 iinis
936 759 1022 811 ann.
1045 740 1170 831 utique
1196 760 1229 812 a.
1258 741 1297 812 C.
1330 743 1376 814 at
1396 736 1499 834 init),

322 845 325 853 ’
432 863 553 948 idem,
577 883 663 934 ann.
690 883 724 934 a.
748 864 786 936 G.
817 866 883 946 27,
907 864 992 936 dum
1020 863 1064 937 de
1087 865 1123 936 S.
1149 865 1188 936 d.
1215 883 1286 955 qno
1311 865 1501 955 provinciae

431 989 525 1060 inter
544 986 742 1078 principem
763 961 800 1060 et
826 995 990 1060 senatum
1015 987 1224 1061 dividuntur
1244 989 1403 1079 loquitur
1425 985 1498 1081 (i),

432 1111 584 1183 Airicam
613 1111 892 1202 Numidiamque
921 1131 995 1183 nna
1019 1112 1194 1184 nominat.
1224 1113 1353 1184 Notum
1382 1119 1499 1184 autern

432 1237 561 1326 cuique
581 1243 635 1308 est
653 1236 857 1308 Numidiam
878 1237 917 1307 in
939 1243 1152 1327 potestatem
1176 1237 1300 1327 popuii
1322 1237 1501 1308 romania

433 1363 474 1434 D.
498 1361 637 1433 Caesare
657 1360 838 1434 redactam
858 1362 1078 1452 provinciam
1097 1381 1160 1452 per
1178 1380 1217 1434 se
1236 1361 1415 1444 effecisse,
1445 1361 1501 1434 cni

324 1565 328 1574 ,
431 1501 563 1557 nomen
583 1485 701 1557 dirica
719 1486 816 1558 Nova
835 1486 923 1569 fnit,
946 1492 1071 1576 postea
1087 1493 1219 1568 antem,
1242 1485 1407 1557 iteruma
1427 1486 1499 1558 Gae·

363 1705 367 1710 ·
432 1627 511 1680 sare
531 1607 689 1699 Angusto
710 1627 867 1682 romanae
893 1609 1041 1682 ditionis
1064 1603 1212 1691 facum,
1242 1608 1369 1682 Africa
1391 1613 1499 1682 veteri

413 1733 605 1830 adjectam
628 1734 737 1805 nnius
757 1733 883 1806 Africae
903 1733 1075 1806 vocabulo
1099 1730 1176 1828 (2);
1204 1736 1414 1825 juvaretque
1440 1734 1514 1817 des

433 1857 624 1928 monstrari
638 1875 745 1946 posse
760 1875 949 1947 regnorum
963 1858 1197 1930 mutationem
1211 1875 1252 1930 eo
1271 1857 1499 1952 potissimum

431 1998 518 2052 ann.
547 1983 591 2051 27
619 1981 745 2052 factam
771 1999 872 2065 esse,
900 1980 985 2052 dnm
1011 1999 1183 2054 numerus
1203 1981 1295 2054 fines
1317 1981 1404 2054 ordo
1424 2001 1499 2053 mo-

433 2103 573 2194 dusque
598 2103 874 2177 administrandi
899 2106 1068 2176 omnibns
1088 2105 1280 2195 provinciis
1300 2104 1441 2196 imperii
1461 2105 1499 2176 in

432 2234 643 2320 perpetuum
682 2217 961 2302 constituuntur.
1003 2228 1073 2302 Sed
1110 2231 1311 2320 peccavisse
1348 2230 1497 2303 Dionem

432 2353 554 2442 aliqua
586 2352 803 2426 obscuritate
836 2354 1029 2437 constabit,
1066 2362 1100 2427 et
1128 2374 1149 2425 a
1181 2355 1349 2428 Muellcro
1379 2355 1498 2427 datam

432 2477 533 2549 tubae
558 2477 706 2567 filioque
732 2479 998 2570 chronologiam
1019 2496 1138 2551 reram
1159 2478 1350 2552 ostendent
1367 2480 1438 2550 alia
1457 2498 1499 2552 ex

364 2611 367 2618 ’
432 2603 565 2693 quibus
592 2604 781 2676 manifesta
804 2604 929 2677 defluit
954 2600 1017 2697 (Ι).
1045 2605 1208 2678 Ceterum
1236 2624 1306 2696 quo
1330 2624 1425 2677 anno
1446 2623 1499 2676 re·

432 2746 540 2819 gnare
572 2729 744 2820 inceperit
776 2748 849 2801 non
883 2731 994 2820 magis
1028 2731 1160 2809 diserte
1188 2731 1355 2813 rciertnr,
1387 2750 1498 2821 quum

432 2859 594 2926 auctores
622 2860 704 2944 post
727 2837 863 2926 bellum
890 2855 1070 2928 Actiacum
1096 2855 1235 2937 dicant,
1258 2863 1392 2945 quanto
1418 2864 1499 2947 post

370 3010 382 3033 ·,
433 2982 584 3048 taceant.
608 2977 694 3050 Mihi
719 2983 837 3049 autem
857 2978 1171 3067 probabilissimus
1190 2978 1330 3051 ridetur
1351 2998 1437 3051 ann.
1461 3000 1495 3051 a.

433 3099 472 3170 C.
495 3102 539 3170 29
566 3121 587 3172 a
610 3101 649 3173 C.
676 3102 845 3174 Muellero
877 3100 981 3174 datus
1014 3100 1087 3197 (5),
1123 3121 1234 3194 qnnm
1266 3102 1370 3176 credo
1405 3104 1498 3175 nihil

431 3223 531 3295 aliud
557 3225 807 3317 interpositum
838 3226 950 3298 inisse
973 3229 1144 3317 temporis
1171 3246 1279 3319 qnam
1299 3228 1397 3317 quod
1419 3226 1494 3299 Gae·

433 3347 504 3418 sari
524 3348 682 3438 Angusto
701 3351 746 3421 ad
766 3349 1021 3440 opprimendos
1041 3370 1114 3423 nna
1132 3351 1328 3424 Antonium
1346 3357 1380 3422 et
1399 3350 1497 3422 Cieo-

433 3479 589 3562 patram,
604 3476 796 3565 AEgyptum
819 3475 948 3548 ditioni
970 3495 1044 3548 suae
1069 3476 1327 3559 addicendam,
1350 3477 1496 3548 Romam
1531 3502 1534 3512 ¹

433 3597 656 3669 redeundum
677 3605 711 3669 ct
727 3617 849 3688 pacem
870 3601 947 3672 orbi
965 3608 1139 3674 terrarum
1155 3600 1388 3683 reddendam,
1406 3620 1497 3692 opus

432 3721 500 3793 init
521 3745 529 3791 :
550 3721 642 3793 luha
663 3741 772 3794 uxore
793 3723 946 3794 donatus
973 3731 1008 3796 et
1030 3726 1068 3798 in
1087 3725 1242 3815 patrium
1267 3724 1496 3798 remandatus

432 3862 580 3936 regnum
600 3865 683 3937 pars
704 3864 848 3937 qnoque
864 3847 972 3938 nujus
992 3850 1110 3940 operis
1130 3857 1225 3922 crat,
1366 3944 1369 3951 1

465 4067 499 4132 (Ι)
516 4067 566 4118 Dio
580 4067 662 4132 Cass,
679 4071 722 4132 LI,
737 4073 784 4130 45;
801 4072 860 4131 nli,
873 4073 913 4124 42.

463 4157 498 4222 (Ι)
515 4157 544 4208 Β.
561 4157 623 4221 osu,
637 4159 668 4215 9:
685 4159 764 4223 App,
780 4163 809 4209 B.
826 4161 864 4221 C.,
881 4159 927 4222 IV,
942 4162 983 4218 53:
1003 4163 1072 4224 Mei,
1089 4164 1108 4225 I,
1125 4165 1148 4226 7,
1165 4167 1200 4216 ci.
1215 4166 1246 4222 dr
1263 4165 1342 4227 Prin,
1358 4169 1388 4216 H.
1403 4167 1443 4227 N,
1462 4165 1493 4225 V,
1615 4205 1617 4210 ,

433 4247 448 4294 i
463 4261 484 4296 s.
500 4246 531 4304 3;
547 4247 574 4298 G.
590 4249 610 4297 Ι.
626 4247 664 4310 L„
678 4247 751 4304 VIII.
768 4264 793 4312 p.
809 4262 854 4299 xv.

463 4334 497 4401 (3)
515 4338 614 4402 Fracte
632 4337 657 4388 Ιι.
673 4350 721 4401 pr„
735 4336 785 4397 ΙΙΙ,
798 4353 824 4402 p.
841 4337 896 4390 tea.
