3490 5318
709 607 888 670 -103-

263 743 338 815 tos,
361 754 434 808 una
453 753 531 808 eum
554 754 675 808 sorore
695 736 733 806 in
754 736 899 828 Libyam
920 738 1112 828 protentos,
1136 750 1170 815 et
1189 763 1330 836 semper

262 860 358 950 apud
372 860 500 932 lubam
514 867 749 932 commoratos
765 861 943 933 novimus.
960 865 1030 934 llos
1046 867 1180 957 regium
1196 887 1327 943 nomen

261 982 306 1054 ab
317 982 473 1055 Antonio
483 983 604 1056 datum
617 983 808 1056 retinuisse
820 986 893 1074 jem
910 987 1063 1077 conjeci,
1077 992 1326 1079 quodetiamsi

262 1125 335 1178 non
358 1107 438 1197 jure
470 1107 675 1181 babuerunt
706 1115 825 1180 tamen
857 1109 960 1183 liberi
988 1130 1110 1184 eorum
1138 1118 1206 1187 orti
1233 1121 1328 1209 regia

262 1230 372 1322 stirpe
390 1231 516 1322 utique
535 1231 605 1302 diei
629 1239 814 1323 poterant,
837 1240 872 1305 et
892 1233 929 1304 in
949 1235 1152 1325 reginarum
1177 1259 1326 1315 numero

262 1353 407 1426 Antonii
433 1355 557 1426 Felicis
583 1374 734 1428 uxorum
757 1356 868 1427 liliam
893 1359 1002 1430 unius
1029 1379 1153 1433 eorum
1171 1363 1323 1438 includi.

261 1479 441 1552 Facillime
460 1479 557 1551 enim
572 1487 633 1552 aut
653 1499 748 1552 unus
767 1487 829 1552 aut
847 1481 952 1563 alter,
979 1483 1050 1554 nisi
1071 1484 1149 1576 ipse
1169 1486 1326 1562 ludaiois

260 1603 494 1695 religionibus
514 1603 723 1686 indulserit,
747 1622 895 1676 uxorem
915 1605 1044 1697 eligere
1063 1609 1179 1698 potuit
1199 1609 1235 1681 in
1257 1614 1324 1685 ali·

260 1749 332 1820 qua
359 1751 401 1803 ex
422 1739 473 1805 tot
496 1753 618 1825 regum
646 1734 952 1826 dynastarumque
971 1737 1139 1812 domibus
1159 1747 1245 1814 tuno
1262 1761 1327 1834 per

260 1855 440 1928 Orientem
456 1863 568 1930 totum
588 1857 754 1930 ludaioos
773 1858 863 1931 ritus
884 1862 1028 1932 secutis,
1050 1865 1127 1934 lam
1146 1864 1266 1937 Helios
1282 1884 1324 1938 ex

261 1979 443 2051 Medorum
479 1982 576 2072 regia
614 1981 724 2072 stirpe
757 1999 903 2056 uxorem
941 1984 1137 2070 habuerat,
1175 1990 1324 2080 lotapen

259 2104 463 2176 Artavasdis
491 2105 621 2185 liliam,
651 2125 751 2196 quae,
774 2108 921 2197 parvulo
946 2109 978 2180 ei
999 2109 1044 2180 ab
1064 2109 1219 2183 Antonio
1246 2112 1325 2185 des·

258 2246 390 2318 ponsa,
420 2228 465 2301 ab
492 2230 650 2320 Augusto
679 2237 760 2320 post
784 2230 964 2302 dotiaoum
989 2232 1124 2304 bellum
1150 2215 1242 2326 patri
1268 2255 1324 2308 re-

259 2353 427 2426 mandata
448 2354 527 2426 luit.
548 2354 796 2427 verosimilius
816 2354 898 2427 laoit
918 2356 1125 2446 hujusmodi
1146 2359 1324 2432 matrimo-

260 2479 359 2549 nium
376 2478 415 2549 d.
433 2478 625 2551 Muellerus
640 2479 785 2562 doeens,
804 2486 843 2552 ut
858 2498 967 2570 supra
981 2499 1055 2552 non
1071 2483 1181 2554 semel
1196 2485 1321 2566 retuli,

256 2602 384 2673 lubam
404 2603 442 2673 in
460 2603 604 2674 Oriente
623 2603 747 2684 luisse,
771 2603 832 2693 qui
858 2603 1034 2677 delunotae
1055 2605 1177 2677 uxoris
1197 2607 1322 2680 iratres

258 2743 376 2797 seeum
393 2725 520 2798 duoere
537 2726 665 2816 potuit.
689 2727 774 2799 Utut
792 2732 859 2810 est,
878 2726 908 2798 si
927 2727 1102 2799 Drusillas
1118 2728 1207 2801 duas
1224 2723 1336 2802 Felix'

258 2847 402 2922 duxisse
437 2850 616 2932 ereditur,
654 2868 835 2940 unamque
871 2851 1017 2922 Antonii
1055 2858 1090 2922 et
1126 2852 1321 2942 Cleopatrae

257 2973 367 3044 luisse
388 2981 552 3064 neptem,
575 2974 696 3044 malim
718 2992 795 3044 eam
811 2995 854 3044 ex
870 2974 971 3053 Helio
994 2971 1040 3066 (l)
1063 2980 1125 3046 aut
1142 2974 1320 3047 Philadel-

257 3097 327 3186 pbo
355 3116 461 3186 quam
493 3116 535 3168 ex
568 3098 695 3170 Selene
723 3099 877 3188 genitam
913 3099 1042 3180 lacere,
1073 3116 1183 3186 quum
1211 3100 1320 3172 Taciti

256 3220 362 3291 verba
381 3239 453 3291 non
474 3227 672 3311 repugnent
699 3228 734 3293 et
760 3238 866 3292 nemo
892 3222 938 3292 sit
962 3222 999 3291 in
1026 3237 1168 3292 oausam
1188 3241 1317 3293 voran-

257 3344 324 3415 dus
348 3343 358 3438 l
385 3344 413 3438 ).
955 3329 962 3342 ’

305 3472 354 3541 ue
382 3471 571 3543 ptolemeo
599 3470 691 3540 unu
717 3470 936 3559 ambigitur„
956 3471 1081 3541 ruisse
1105 3453 1187 3543 eum
1221 3470 1321 3542 oleo-

207 3609 209 3614 '
255 3604 365 3686 patrea
392 3596 508 3668 lilium
530 3603 564 3668 et
588 3602 726 3667 constat
745 3601 779 3666 et
798 3601 949 3667 testatur
968 3613 1121 3678 nomen,
1144 3614 1216 3686 quo
1236 3596 1317 3686 qui·

286 3823 319 3885 (l)
336 3821 432 3874 Heliou
447 3824 525 3873 etiem
539 3824 566 3872 in
579 3822 696 3871 nummis
710 3835 725 3871 a
740 3835 829 3871 sorore
844 3821 916 3870 cusis
928 3834 980 3870 nnn
994 3834 1054 3870 eum
1068 3835 1098 3870 ea
1110 3821 1198 3884 effingi
1212 3823 1261 3870 sub
1271 3821 1318 3870 So-

255 3912 288 3961 lis
311 3912 444 3975 bunaeque
463 3912 554 3974 liguris
574 3910 718 3961 Eclrhelius
732 3915 759 3960 et
783 3909 910 3960 Miillerus
929 3910 1056 3972 suspicati
1073 3913 1137 3958 sunt
1150 3907 1248 3970 (Milli,
1265 3909 1320 3969 ΙΙΙ,

255 4017 281 4064 p.
300 4001 352 4062 lio,
368 4009 394 4052 et
409 4015 482 4052 num.
499 4001 528 4051 43
543 4006 569 4052 el
582 4001 635 4064 95).
949 4043 952 4048 .
1317 4002 1320 4006 ’

287 4091 320 4153 (2)
339 4089 423 4140 Multo
436 4091 526 4141 minus
538 4092 652 4155 placeret
664 4103 722 4140 eam
735 4088 872 4140 Ptolamaei
883 4085 961 4138 dubae
973 4086 1020 4136 lilii
1033 4085 1114 4136 liliam
1129 4086 1223 4136 faeere.
1235 4082 1318 4132 Nam-

255 4195 305 4242 que
319 4195 403 4243 neque
418 4194 528 4230 uxorem
543 4180 722 4248 nequewliliam
734 4179 851 4228 filiumve
865 4178 889 4227 ei
905 4177 988 4226 luisse
1000 4174 1130 4234 novimus,
1143 4178 1170 4223 et
1184 4172 1320 4238 proneptis

255 4282 307 4318 non
327 4271 414 4333 neplis
427 4269 538 4320 Antonii
559 4269 640 4320 rrrvlri
659 4270 742 4325 loret;
760 4273 878 4318 ceterum
897 4264 1176 4330 improbabilissimum
1194 4262 1318 4313 omnibus

254 4357 340 4406 modis
354 4358 497 4408 videretur.
