3498 5324
231 1856 313 1911 Just
330 1857 364 1909 ΙΝ
380 1856 605 1910 ununs'rtuus
625 1857 757 1910 ansuis
776 1858 835 1912 DlU
855 1858 895 1910 ΕΤ
914 1858 1106 1923 introirem
1128 1859 1295 1937 renititis,

280 1980 383 2033 URBES
405 1979 544 2044 CONDIT,
565 1981 669 2034 turns
688 1982 812 2048 FOVET,
835 1981 1015 2036 CAESAREAM
1036 1982 1162 2047 osuiu,
1184 1983 1297 2037 uoltu·
1324 1995 1332 2008 '

278 2103 416 2158 MENTUM
441 2104 504 2156 sint
530 2105 762 2172 rosrnnlsqun
785 2107 932 2171 sruu1r3
954 2108 1058 2160 BELLA
1079 2108 1202 2170 GERW,
1224 2109 1294 2162 AS.

278 2229 310 2281 P.
334 2229 370 2295 Q.
393 2229 427 2282 tt.
449 2227 732 2298 Putrtcu’fflusqun
752 2231 973 2286 HONORATUR.

276 2570 368 2642 Juna
405 2568 538 2661 quibus
575 2568 712 2641 artibus
752 2570 949 2662 regnaverit
982 2569 1114 2643 diserte
1149 2571 1294 2662 quidem

229 2695 350 2766 nuilus
379 2700 502 2766 auctor
528 2693 691 2783 scripsit,
714 2693 819 2765 nohis
843 2699 964 2765 tamen
983 2693 1211 2785 aliquatenus
1235 2694 1293 2765 in·

229 2819 386 2912 teiligere
403 2819 499 2891 lieet.
517 2815 603 2904 Qui,
622 2825 660 2890 ut
677 2824 752 2890 erat
769 2824 893 2890 cautus
909 2824 943 2890 et
959 2817 1006 2890 ad
1021 2837 1076 2890 res
1092 2818 1294 2891 tractandas

146 2920 148 2925 ¹
228 2945 391 3036 exemplo
411 2947 652 3015 Rornanorum
678 2943 900 3034 Augustique
920 2949 954 3016 et
973 2962 1093 3034 regum
1116 2944 1293 3026 rnenitus,

228 3069 351 3160 pepuli
373 3070 428 3140 sui
449 3075 483 3140 et
507 3075 707 3159 temporum
733 3068 890 3140 indoiern
916 3069 1023 3140 simul
1047 3067 1292 3158 perpendens,

229 3193 317 3265 rnihi
335 3194 383 3265 ita
400 3193 514 3284 egisse
532 3193 684 3265 videtur.
702 3195 786 3264 iure
801 3193 946 3284 quidem
963 3193 1062 3264 nutla
1077 3210 1120 3264 ex
1135 3191 1294 3282 antiquis

227 3319 334 3390 rebus
355 3325 508 3400 mutata,
531 3335 642 3408 quurn
661 3335 779 3408 neque
799 3317 937 3407 imponi
957 3315 1155 3408 quidquam
1176 3323 1293 3388 tutum

227 3444 293 3514 iuit
320 3461 437 3533 neque
465 3444 626 3533 pervim
654 3450 716 3514 aut
748 3443 858 3532 iegenr
887 3442 1055 3533 imposita
1084 3443 1296 3533 ingratoque

226 3569 347 3640 anime
378 3575 520 3659 accepta
553 3569 828 3659 inperpetuum
856 3566 999 3638 durant.
1029 3566 1099 3637 Sed
1131 3566 1294 3655 exemplo

226 3694 345 3784 petius
361 3700 396 3764 et
406 3692 613 3764 austeritate
627 3710 734 3782 quam
751 3690 859 3782 regali
872 3689 1011 3762 nonrini
1027 3690 1178 3781 augebat
1193 3688 1294 3760 Prin·

226 3819 315 3909 eipis
334 3817 491 3889 amititia
518 3824 552 3889 et
570 3816 699 3908 opibus
720 3816 852 3906 quibus
873 3814 1057 3887 abundare
1076 3811 1293 3886 omnimodis

226 3960 368 4033 semper
387 3941 544 4024 studuit,
562 3941 718 4032 prirnurn
739 3940 919 4032 prinsipes
939 3939 1139 4029 divitesque
1158 3938 1204 4011 ati
1223 3939 1291 4010 hu·

226 4065 422 4139 manierern
443 4066 611 4138 inducere
627 4067 749 4149 vitam,
767 4066 829 4156 qui
849 4065 1041 4158 paulatim,
1058 4083 1132 4136 aeve
1152 4081 1293 4155 progre-

226 4191 363 4274 diente,
386 4198 421 4264 et
445 4191 618 4283 populum
641 4193 838 4275 traherent,
856 4191 1003 4280 juvante
1026 4191 1174 4279 insuper
1190 4205 1291 4277 pera·

226 4315 408 4406 grinorurn
440 4333 628 4387 teneursu.
661 4315 859 4387 Piurirnum
893 4332 980 4387 sane
1008 4333 1114 4406 pesse
1142 4313 1291 4384 consilio
1393 4349 1396 4356 ι
