3498 5324
708 558 868 625 -tl-

247 699 350 773 bona
377 707 412 773 et
438 699 579 790 frugum
607 697 798 769 abundans
823 703 920 780 erat,
949 696 1060 770 Mauri
1084 696 1320 787 Numidaeque

255 823 431 908 colebant,
451 821 596 913 grandis
615 821 802 892 hominnm
822 840 1009 894 numerus.
1032 823 1116 893 Post
1134 820 1321 894 altissimae

255 948 443 1040 planities,
466 945 620 1039 quibua,
642 953 681 1017 ut
707 946 867 1019 Sallustii
897 945 1004 1018 verba
1029 951 1204 1036 repetam,
1230 945 1319 1018 ooelo

255 1079 419 1163 terraque
439 1072 590 1164 penuria
608 1089 798 1161 aquarum,
820 1071 939 1142 arbori
959 1068 1160 1142 inieeundae
1174 1074 1316 1161 patent,

255 1196 319 1269 sed
335 1197 478 1289 pascuis
499 1197 567 1268 etsi
585 1195 696 1284 aridis
719 1203 838 1267 tamen
858 1195 945 1267 satis
968 1193 1095 1266 ovibus
1115 1193 1209 1282 aptis
1223 1193 1319 1264 loon·

253 1323 365 1412 pletes
389 1318 452 1416 (1).
476 1320 630 1411 Longius
649 1328 768 1394 autem
788 1320 834 1392 ad
853 1319 1039 1393 meridiem
1059 1318 1242 1401 tendenti,
1263 1335 1320 1390 su·

254 1446 385 1537 per'atis
412 1445 518 1517 salsis
544 1443 739 1536 paludibus
769 1464 859 1535 quas
887 1441 988 1514 oooo
1014 1442 1148 1514 Arabes
1174 1442 1316 1526 dieunt,

253 1568 386 1641 aridior
405 1575 439 1641 et
458 1569 539 1641 vitae
558 1569 679 1640 minus
708 1569 849 1658 patiens
873 1567 967 1659 regio
985 1566 1188 1649 invenitur,
1211 1583 1317 1656 quam

253 1693 424 1764 Sabaram
446 1693 621 1764 minorem
641 1699 780 1765 vocant.
799 1693 914 1783 Supra
932 1709 1040 1782 qnam
1060 1697 1145 1763 sunt
1162 1696 1316 1772 montes,

252 1815 333 1906 qui,
355 1823 493 1888 vastum
522 1816 725 1889 obtinentes
749 1822 923 1899 tractum,
945 1816 1089 1888 Sabarae
1108 1813 1234 1905 majori
1254 1832 1316 1885 su-

251 1940 474 2032 pereminent
497 1949 537 2012 ut
563 1942 665 2019 littus
685 1940 879 2031 abruptum
900 1941 1002 2012 mari.
1031 1940 1093 2012 Hae
1111 1943 1230 2029 partes
1249 1955 1320 2009 me·

251 2061 445 2135 ridionales
478 2065 696 2136 Gaetulorum
728 2063 831 2137 sedes
863 2064 961 2138 luere
992 2060 1057 2157 (1).
1087 2065 1130 2134 llt
1156 2061 1318 2134 omnium

250 2185 448 2277 positiones
467 2187 545 2277 ipse
565 2187 688 2277 paneis
708 2188 826 2260 verbis
842 2187 1034 2259 Sallustius
1049 2185 1171 2260 dedit:
1195 2211 1210 2250 ι
1229 2188 1319 2258 Looe

250 2327 366 2399 usquo
385 2308 431 2380 ad
450 2301 706 2383 Mauretaniam
721 2310 886 2384 Numidae
904 2317 1040 2393 tenent,
1059 2307 1212 2401 proximi
1234 2307 1316 2381 His·

249 2432 358 2524 pania
376 2433 488 2506 Mauri
509 2443 620 2519 sunt;
643 2454 751 2526 super
773 2435 976 2509 Numidiam
997 2435 1153 2507 Gaetulos
1179 2434 1316 2526 aooepi·

250 2575 330 2628 mus
350 2559 480 2648 partim
501 2559 539 2630 in
560 2559 711 2651 tuguriis
736 2561 826 2633 alios
846 2559 1017 2631 innultius
1040 2577 1146 2651 vagos
1166 2556 1315 2650 agitare,
1408 2603 1415 2616 ·

248 2689 330 2774 post
362 2702 423 2756 eos
458 2685 641 2775 AEtbiopas
674 2704 776 2768 osso,
811 2685 942 2758 debinc
973 2686 1050 2756 looa
1075 2690 1201 2757 exusta
1230 2684 1317 2756 solis

249 2805 438 2880 ardoribus
481 2805 546 2902 (5).
583 2836 598 2873 ι
639 2810 807 2882 Omnium
844 2815 963 2881 autern
999 2816 1128 2881 natura
1164 2807 1318 2880 maxime

250 2931 444 3022 conspicua
470 2940 618 3026 apparet
644 2935 682 3006 in
711 2933 885 3006 hodierna
910 2933 1085 3004 Oranonsi
1113 2933 1315 3023 provincia,

250 3056 352 3146 ouius
375 3062 495 3146 partes
517 3058 773 3131 meridionales
797 3057 999 3149 peragranti
1019 3057 1127 3128 trium
1147 3062 1208 3127 aut
1234 3074 1318 3146 qua·

247 3186 328 3252 tuor
354 3186 456 3252 terrae
480 3183 588 3273 buius
615 3182 800 3273 regionum
827 3181 1038 3272 adspectus,
1065 3198 1171 3271 opes,
1202 3180 1316 3251 bisto-

248 3305 322 3388 ria,
357 3323 461 3377 casus
489 3307 577 3379 satis
598 3306 691 3379 bene
716 3307 969 3379 discernuntur
996 3331 1004 3377 ι
1033 3323 1163 3398 nempe
1193 3321 1315 3378 eorum

248 3427 435 3501 diversitas
462 3447 643 3520 nusquam
676 3430 807 3502 elarius
834 3436 1001 3520 apparot,
1027 3447 1146 3520 neque
1168 3427 1240 3513 ibi,
1276 3435 1317 3503 ut

247 3550 377 3623 iactum
398 3558 452 3624 est
472 3553 583 3636 alias,
605 3553 774 3644 frequens
798 3554 974 3626 cultorum
994 3555 1149 3646 populns
1168 3552 1316 3645 vestigia

245 3680 402 3748 veterum
423 3677 611 3750 destruxit.
639 3678 777 3764 Quibus
796 3696 859 3768 ego
875 3697 1016 3750 summa
1032 3696 1117 3751 nura
1135 3674 1314 3770 perquisi-

276 4034 312 4100 (1)
328 4032 403 4097 Sall..
418 4037 488 4101 Jeep..
506 4036 550 4097 17(
566 4038 636 4102 Lien,
652 4037 757 4097 XXIX,
772 4039 819 4097 ³12
833 4040 902 4103 1³01..
917 4039 981 4104 XII,
996 4041 1018 4092 1.

276 4123 318 4262 (ῗὲ
328 4122 435 4187 Herod..
451 4124 492 4188 11,
505 4125 544 4177 31.
559 4125 622 4178 vid.
638 4125 737 4180 Vivien
752 4129 784 4180 de
798 4127 993 4192 saint-Martio,
1007 4129 1040 4182 de
1051 4129 1118 4181 nord
1133 4129 1161 4181 de
1175 4127 1312 4194 iurique,

245 4226 312 4364 ι)(3)
327 4299 401 4361 Sall..
416 4302 487 4366 Jeep,
505 4301 544 4354 19.
