3498 5324
697 497 855 559 -49..

245 635 515 730 primumquod
529 636 641 707 multo
657 635 778 707 minus
793 652 900 725 quam
915 633 1093 707 Numidiae
1104 635 1309 725 perserian-

246 763 328 836 telis
347 769 382 835 et
399 762 533 834 domita
552 767 587 833 et
604 759 778 833 obediens
797 766 891 845 erat,
914 760 997 832 dein
1018 761 1103 850 quia
1130 759 1308 850 subjectos
1374 779 1377 786 ·

248 888 317 960 sibi
335 887 447 961 excoli
463 887 630 959 homines
647 904 739 977 aegre
757 886 877 978 potius
894 885 1205 978 Carthaginienses
1225 884 1312 957 lere·

246 1011 348 1097 bant,
363 1011 455 1084 nihil
470 1010 570 1082 aliud
585 1011 656 1082 nisi
671 1010 850 1082 vendendi
869 1011 1106 1102 exigendique
1121 1009 1310 1081 arbitrium

248 1138 345 1231 apud
362 1138 535 1210 barbaros
550 1137 768 1209 affectantes.
787 1138 893 1209 Plura
911 1143 1044 1220 tamen,
1067 1136 1131 1210 sed
1152 1155 1232 1229 quae
1252 1154 1310 1208 ex·

248 1281 382 1356 ponere
408 1280 482 1333 uon
505 1261 667 1334 concedit
693 1261 792 1332 locus
819 1279 885 1333 nec
906 1261 1022 1353 ipsius
1047 1261 1131 1334 libri
1153 1267 1256 1334 tenor
1279 1265 1313 1332 et

249 1387 451 1472 intentum,
472 1387 578 1460 etiam
599 1387 644 1458 ab
663 1386 709 1457 iis
728 1386 927 1459 didicerant
947 1387 1059 1460 Mauri
1082 1384 1313 1476 :exemplum

251 1513 486 1584 architectura
516 1511 628 1594 toret,
656 1529 782 1601 quam,
810 1529 923 1601 quum
950 1510 1087 1582 nullam
1116 1509 1186 1601 ipsi
1213 1509 1313 1601 prius

251 1636 437 1719 baberent,
455 1655 476 1707 a
492 1636 612 1707 Ptenis
632 1634 789 1708 imitatos
804 1635 933 1708 docent
951 1654 1063 1726 pauca
1080 1633 1314 1707 humiliorum

252 1759 360 1850 buius
373 1759 488 1833 aetatis
502 1758 735 1832 aedlsrciorum
749 1760 788 1830 in
801 1766 886 1832 tunc
901 1759 1082 1852 primariis
1093 1758 1244 1831 urbibus
1255 1763 1317 1831 eut

253 1885 395 1977 oppidis
412 1883 572 1975 vestigia.
589 1885 752 1956 Ceterum
766 1884 889 1975 populi
903 1885 1042 1956 romani
1053 1883 1145 1956 vires
1159 1882 1315 1975 experti,

250 2008 324 2098 jem
343 2007 540 2098 majestatis
561 2009 637 2099 eius
657 2009 890 2081 reverenciam
911 2009 1113 2092 discebant,
1135 2026 1209 2080 non
1228 2007 1318 2080 adeo

253 2139 373 2206 tamen
393 2140 433 2205 ut
455 2133 502 2205 ad
526 2133 648 2204 omnia
674 2136 779 2225 proni
807 2154 847 2207 ac
871 2134 986 2226 parati
1011 2134 1217 2207 viderentur
1243 2158 1251 2204 ε
1280 2139 1319 2206 ut

255 2259 387 2351 quibus
399 2258 531 2330 mobile
547 2259 744 2350 ingenium,
758 2277 885 2351 aspera
899 2260 1148 2351 indomitaque
1159 2259 1314 2355 indoles,

254 2389 420 2475 prompta
445 2400 584 2473 semper
604 2383 650 2455 ad
669 2403 780 2456 novas
803 2403 881 2467 res,
903 2384 996 2456 odiis
1021 2383 1171 2456 studens
1190 2389 1224 2456 et
1251 2383 1320 2454 iac·

189 2517 195 2528 ·
255 2507 436 2592 tionibus,
458 2508 559 2579 facile
581 2510 749 2581 extremis
769 2508 953 2599 applicans
972 2527 1011 2581 se
1036 2509 1208 2581 consiliis.
1231 2508 1318 2595 Qui-

256 2633 326 2705 bus
343 2619 723 2710 ubi‘accendebantur,
740 2633 875 2707 bellum
891 2634 1053 2725 undique
1070 2634 1233 2726 flagrare,
1246 2653 1321 2707 ces·

258 2757 342 2830 tella
356 2758 503 2840 muniri,
516 2758 553 2828 in
563 2757 706 2849 oppidis
716 2759 861 2832 collecta
875 2759 1076 2831 imbellium
1090 2758 1321 2832 multitudine

257 2882 304 2955 ad
322 2885 479 2956 saltuum
498 2884 671 2955 transitus
688 2891 750 2956 aut
769 2885 906 2958 riarum
922 2886 1000 2956 loca
1015 2885 1221 2976 angustiora
1240 2902 1322 2956 con·

259 3026 400 3080 currere
422 3008 549 3080 armati
575 3009 762 3091 homines,
785 3008 871 3083 dum
891 3029 953 3082 rex
979 3016 1040 3082 aut
1066 3011 1232 3100 princeps
1255 3026 1321 3101 po·

259 3133 356 3223 puli,
382 3132 601 3224 conglobatis
624 3133 807 3222 equitibus
832 3139 867 3206 et
897 3140 1088 3206 convocata
1113 3133 1322 3217 nobilitate,
1420 3109 1425 3121 ’

258 3257 425 3330 hostibus
444 3258 586 3329 obviam
605 3258 693 3331 ibat.
713 3259 781 3345 Qui
804 3258 950 3351 quidem
970 3259 1001 3330 si
1021 3258 1180 3350 legiones
1201 3266 1322 3344 eraut,

258 3383 366 3473 quasi
388 3400 528 3473 semper
547 3383 629 3454 lusa
648 3385 811 3475 equitum
837 3383 1030 3455 multitudo
1058 3402 1224 3475 magnam
1245 3404 1326 3476 par·

260 3511 331 3578 tem
351 3513 455 3579 terrae
476 3507 646 3579 Romanis
667 3505 878 3579 vastandam
899 3509 1100 3598 linquebat.
1120 3509 1230 3592 Tunc,
1251 3509 1328 3584 the·

263 3630 379 3703 sauris
394 3633 560 3722 repositis
581 3633 620 3704 in
635 3651 714 3705 arce
733 3633 1019 3725 inexpugnabili,
1042 3633 1160 3725 lugam
1177 3639 1329 3706 matura·

262 3755 323 3828 bat
342 3775 404 3829 rex
424 3756 614 3829 comitante
632 3757 768 3829 lamilia
787 3764 822 3829 et
838 3757 868 3829 si
891 3777 962 3849 que
981 3757 1055 3828 lida
1073 3776 1201 3829 manus
1219 3763 1295 3829 erat
1316 3781 1326 3827 ε

262 3881 346 3970 qui,
367 3883 484 3953 acrius
504 3884 607 3954 hoste
631 3884 864 3972 insequente,
886 3890 921 3954 et
939 3882 1010 3972 ipsi
1031 3890 1206 3972 quantum
1232 3887 1331 3972 pote·

265 4013 345 4078 rant
365 4007 521 4098 regionis
537 4008 743 4100 depopulati
763 4007 978 4102 solitudines
994 4008 1177 4100 petebant.
1195 4006 1331 4094 Quodsi

265 4130 383 4202 audax
410 4134 508 4227 Sylla
536 4140 598 4206 aut
629 4135 761 4207 Marius
785 4140 1079 4226 persequeretur,
1107 4149 1333 4223 corrumpere

266 4255 405 4340 tontes,
426 4264 553 4350 puteos
574 4259 756 4346 claudere,
778 4257 922 4351 abigere
946 4259 1033 4333 locis
1055 4259 1210 4341 incolas,
1233 4257 1333 4331 deni·

1150 4376 1168 4435 4
