<?xml version="1.0" encoding="UTF-8"?>
<!DOCTYPE html PUBLIC "-//W3C//DTD XHTML 1.0 Transitional//EN"
    "http://www.w3.org/TR/xhtml1/DTD/xhtml1-transitional.dtd">
<html xmlns="http://www.w3.org/1999/xhtml" xml:lang="en" lang="en">
 <head>
  <title>
</title>
<meta http-equiv="Content-Type" content="text/html;charset=utf-8" />
  <meta name='ocr-system' content='tesseract 3.04.00' />
  <meta name='ocr-capabilities' content='ocr_page ocr_carea ocr_par ocr_line ocrx_word'/>
</head>
<body>
  <div class='ocr_page' id='page_1' title='image "./deregejubaregis00blangoog_0162.png"; bbox 0 0 3490 5318; ppageno 0'>
   <div class='ocr_carea' id='block_1_1' title="bbox 719 571 898 636">
    <p class='ocr_par' dir='ltr' id='par_1_1' title="bbox 719 571 898 636">
     <span class='ocr_line' id='line_1_1' title="bbox 719 571 898 636; baseline 0 0"><span class='ocrx_word' id='word_1_1' title='bbox 719 571 898 636; x_wconf 80' lang='lat' dir='ltr'>-rtr-</span> 
     </span>
    </p>
   </div>
   <div class='ocr_carea' id='block_1_2' title="bbox 273 708 1341 1799">
    <p class='ocr_par' dir='ltr' id='par_1_2' title="bbox 275 708 1337 930">
     <span class='ocr_line' id='line_1_2' title="bbox 275 708 1337 803; baseline -0.001 -19"><span class='ocrx_word' id='word_1_2' title='bbox 275 731 367 784; x_wconf 89' lang='lat' dir='ltr'>nova</span> <span class='ocrx_word' id='word_1_3' title='bbox 392 718 432 783; x_wconf 94' lang='lat' dir='ltr'>ut</span> <span class='ocrx_word' id='word_1_4' title='bbox 459 711 508 783; x_wconf 89' lang='lat' dir='ltr'>ita</span> <span class='ocrx_word' id='word_1_5' title='bbox 533 710 648 783; x_wconf 86' lang='lat' dir='ltr'>dicam</span> <span class='ocrx_word' id='word_1_6' title='bbox 674 729 796 796; x_wconf 90' lang='lat' dir='ltr'>mens,</span> <span class='ocrx_word' id='word_1_7' title='bbox 818 711 945 784; x_wconf 90' lang='lat' dir='ltr'>harum</span> <span class='ocrx_word' id='word_1_8' title='bbox 970 711 1114 803; x_wconf 87' lang='lat' dir='ltr'>populis</span> <span class='ocrx_word' id='word_1_9' title='bbox 1135 708 1337 785; x_wconf 84' lang='lat' dir='ltr'>intundun-</span> 
     </span>
     <span class='ocr_line' id='line_1_3' title="bbox 275 832 422 930; baseline -0.014 -20"><span class='ocrx_word' id='word_1_10' title='bbox 275 843 334 910; x_wconf 96' lang='lat' dir='ltr'>tur</span> <span class='ocrx_word' id='word_1_11' title='bbox 357 832 422 930; x_wconf 85' lang='lat' dir='ltr'>(t).</span> 
     </span>
    </p>

    <p class='ocr_par' dir='ltr' id='par_1_3' title="bbox 273 961 1341 1799">
     <span class='ocr_line' id='line_1_4' title="bbox 324 961 1341 1052; baseline 0.002 -21"><span class='ocrx_word' id='word_1_12' title='bbox 324 962 409 1032; x_wconf 90' lang='lat' dir='ltr'>Pars</span> <span class='ocrx_word' id='word_1_13' title='bbox 432 979 519 1032; x_wconf 79' lang='lat' dir='ltr'>vero</span> <span class='ocrx_word' id='word_1_14' title='bbox 548 979 677 1052; x_wconf 79' lang='lat' dir='ltr'>magna</span> <span class='ocrx_word' id='word_1_15' title='bbox 702 978 820 1034; x_wconf 92' lang='lat' dir='ltr'>rerum</span> <span class='ocrx_word' id='word_1_16' title='bbox 849 980 938 1052; x_wconf 82' lang='lat' dir='ltr'>quas</span> <span class='ocrx_word' id='word_1_17' title='bbox 961 961 1053 1033; x_wconf 84' lang='lat' dir='ltr'>tuba</span> <span class='ocrx_word' id='word_1_18' title='bbox 1079 967 1278 1042; x_wconf 78' lang='lat' dir='ltr'>creaverat,</span> <span class='ocrx_word' id='word_1_19' title='bbox 1300 968 1341 1033; x_wconf 93' lang='lat' dir='ltr'>ut</span> 
     </span>
     <span class='ocr_line' id='line_1_5' title="bbox 275 1083 1338 1178; baseline -0.002 -20"><span class='ocrx_word' id='word_1_20' title='bbox 275 1086 344 1158; x_wconf 88' lang='lat' dir='ltr'>sibi</span> <span class='ocrx_word' id='word_1_21' title='bbox 365 1105 425 1158; x_wconf 87' lang='lat' dir='ltr'>eas</span> <span class='ocrx_word' id='word_1_22' title='bbox 443 1084 592 1168; x_wconf 86' lang='lat' dir='ltr'>iecerat,</span> <span class='ocrx_word' id='word_1_23' title='bbox 619 1083 671 1157; x_wconf 90' lang='lat' dir='ltr'>sic</span> <span class='ocrx_word' id='word_1_24' title='bbox 690 1103 768 1156; x_wconf 90' lang='lat' dir='ltr'>oum</span> <span class='ocrx_word' id='word_1_25' title='bbox 789 1104 831 1157; x_wconf 93' lang='lat' dir='ltr'>eo</span> <span class='ocrx_word' id='word_1_26' title='bbox 851 1084 1030 1158; x_wconf 89' lang='lat' dir='ltr'>interiere.</span> <span class='ocrx_word' id='word_1_27' title='bbox 1058 1083 1178 1178; x_wconf 68' lang='lat' dir='ltr'>Artes,</span> <span class='ocrx_word' id='word_1_28' title='bbox 1205 1084 1338 1175; x_wconf 88' lang='lat' dir='ltr'>quibus</span> 
     </span>
     <span class='ocr_line' id='line_1_6' title="bbox 274 1201 1340 1301; baseline 0.001 -22"><span class='ocrx_word' id='word_1_29' title='bbox 274 1209 370 1301; x_wconf 88' lang='lat' dir='ltr'>apud</span> <span class='ocrx_word' id='word_1_30' title='bbox 396 1227 477 1282; x_wconf 93' lang='lat' dir='ltr'>eum</span> <span class='ocrx_word' id='word_1_31' title='bbox 507 1209 704 1300; x_wconf 77' lang='lat' dir='ltr'>hospitium</span> <span class='ocrx_word' id='word_1_32' title='bbox 737 1209 966 1299; x_wconf 81' lang='lat' dir='ltr'>fomentaque</span> <span class='ocrx_word' id='word_1_33' title='bbox 990 1201 1154 1289; x_wconf 81' lang='lat' dir='ltr'>irrorent,</span> <span class='ocrx_word' id='word_1_34' title='bbox 1186 1226 1260 1281; x_wconf 93' lang='lat' dir='ltr'>non</span> <span class='ocrx_word' id='word_1_35' title='bbox 1290 1209 1340 1283; x_wconf 86' lang='lat' dir='ltr'>ita</span> 
     </span>
     <span class='ocr_line' id='line_1_7' title="bbox 274 1331 1340 1428; baseline -0.002 -22"><span class='ocrx_word' id='word_1_36' title='bbox 274 1351 316 1406; x_wconf 90' lang='lat' dir='ltr'>eo</span> <span class='ocrx_word' id='word_1_37' title='bbox 334 1339 473 1405; x_wconf 92' lang='lat' dir='ltr'>mortuo</span> <span class='ocrx_word' id='word_1_38' title='bbox 490 1332 659 1405; x_wconf 85' lang='lat' dir='ltr'>florentes</span> <span class='ocrx_word' id='word_1_39' title='bbox 674 1352 904 1424; x_wconf 80' lang='lat' dir='ltr'>permansere</span> <span class='ocrx_word' id='word_1_40' title='bbox 917 1331 982 1428; x_wconf 75' lang='lat' dir='ltr'>(i).</span> <span class='ocrx_word' id='word_1_41' title='bbox 994 1335 1113 1406; x_wconf 86' lang='lat' dir='ltr'>Testes</span> <span class='ocrx_word' id='word_1_42' title='bbox 1132 1339 1218 1420; x_wconf 90' lang='lat' dir='ltr'>sunt</span> <span class='ocrx_word' id='word_1_43' title='bbox 1233 1332 1340 1405; x_wconf 89' lang='lat' dir='ltr'>etiam</span> 
     </span>
     <span class='ocr_line' id='line_1_8' title="bbox 273 1457 1338 1556; baseline 0 -27"><span class='ocrx_word' id='word_1_44' title='bbox 273 1457 430 1540; x_wconf 92' lang='lat' dir='ltr'>nummi,</span> <span class='ocrx_word' id='word_1_45' title='bbox 453 1457 515 1548; x_wconf 88' lang='lat' dir='ltr'>qui</span> <span class='ocrx_word' id='word_1_46' title='bbox 534 1457 626 1556; x_wconf 83' lang='lat' dir='ltr'>tuba</span> <span class='ocrx_word' id='word_1_47' title='bbox 649 1465 818 1548; x_wconf 81' lang='lat' dir='ltr'>regnante</span> <span class='ocrx_word' id='word_1_48' title='bbox 838 1457 984 1549; x_wconf 90' lang='lat' dir='ltr'>saepius,</span> <span class='ocrx_word' id='word_1_49' title='bbox 1008 1458 1198 1556; x_wconf 82' lang='lat' dir='ltr'>Ptolemaeo</span> <span class='ocrx_word' id='word_1_50' title='bbox 1219 1465 1338 1531; x_wconf 86' lang='lat' dir='ltr'>autem</span> 
     </span>
     <span class='ocr_line' id='line_1_9' title="bbox 274 1580 1340 1676; baseline 0.004 -24"><span class='ocrx_word' id='word_1_51' title='bbox 274 1600 374 1665; x_wconf 86' lang='lat' dir='ltr'>raro,</span> <span class='ocrx_word' id='word_1_52' title='bbox 397 1582 535 1654; x_wconf 90' lang='lat' dir='ltr'>doctam</span> <span class='ocrx_word' id='word_1_53' title='bbox 556 1600 703 1655; x_wconf 87' lang='lat' dir='ltr'>manum</span> <span class='ocrx_word' id='word_1_54' title='bbox 724 1582 872 1655; x_wconf 85' lang='lat' dir='ltr'>artificis</span> <span class='ocrx_word' id='word_1_55' title='bbox 891 1581 1049 1673; x_wconf 88' lang='lat' dir='ltr'>produnt</span> <span class='ocrx_word' id='word_1_56' title='bbox 1071 1580 1136 1676; x_wconf 83' lang='grc'><strong>(5).</strong></span> <span class='ocrx_word' id='word_1_57' title='bbox 1167 1583 1340 1656; x_wconf 77' lang='lat' dir='ltr'>Caesareae</span> 
     </span>
     <span class='ocr_line' id='line_1_10' title="bbox 273 1707 1338 1799; baseline 0.001 -21"><span class='ocrx_word' id='word_1_58' title='bbox 273 1713 393 1779; x_wconf 68' lang='lat' dir='ltr'>umen</span> <span class='ocrx_word' id='word_1_59' title='bbox 413 1707 572 1799; x_wconf 79' lang='lat' dir='ltr'>rigentes</span> <span class='ocrx_word' id='word_1_60' title='bbox 592 1707 820 1797; x_wconf 87' lang='lat' dir='ltr'>aliquatenus</span> <span class='ocrx_word' id='word_1_61' title='bbox 844 1707 1062 1780; x_wconf 87' lang='lat' dir='ltr'>duraverunt</span> <span class='ocrx_word' id='word_1_62' title='bbox 1088 1732 1097 1778; x_wconf 74' lang='grc' dir='ltr'>ι</span> <span class='ocrx_word' id='word_1_63' title='bbox 1123 1726 1207 1779; x_wconf 83' lang='lat' dir='ltr'>nam</span> <span class='ocrx_word' id='word_1_64' title='bbox 1227 1714 1262 1781; x_wconf 90' lang='lat' dir='ltr'>et</span> <span class='ocrx_word' id='word_1_65' title='bbox 1280 1709 1338 1796; x_wconf 87' lang='lat' dir='ltr'>in-</span> 
     </span>
    </p>
   </div>
   <div class='ocr_carea' id='block_1_3' title="bbox 162 1830 1416 1932">
    <p class='ocr_par' dir='ltr' id='par_1_4' title="bbox 162 1830 1416 1932">
     <span class='ocr_line' id='line_1_11' title="bbox 162 1830 1416 1932; baseline 0.001 -29"><span class='ocrx_word' id='word_1_66' title='bbox 162 1929 166 1932; x_wconf 21' lang='grc'><strong><em>·</em></strong></span> <span class='ocrx_word' id='word_1_67' title='bbox 275 1830 400 1903; x_wconf 88' lang='lat' dir='ltr'>choata</span> <span class='ocrx_word' id='word_1_68' title='bbox 419 1830 570 1904; x_wconf 89' lang='lat' dir='ltr'>aedificia</span> <span class='ocrx_word' id='word_1_69' title='bbox 589 1831 705 1904; x_wconf 91' lang='lat' dir='ltr'>deseri</span> <span class='ocrx_word' id='word_1_70' title='bbox 724 1851 797 1903; x_wconf 92' lang='lat' dir='ltr'>non</span> <span class='ocrx_word' id='word_1_71' title='bbox 816 1838 1002 1924; x_wconf 77' lang='lat' dir='ltr'>poterant,</span> <span class='ocrx_word' id='word_1_72' title='bbox 1021 1839 1055 1904; x_wconf 90' lang='lat' dir='ltr'>et</span> <span class='ocrx_word' id='word_1_73' title='bbox 1071 1830 1204 1923; x_wconf 85' lang='lat' dir='ltr'>effigies</span> <span class='ocrx_word' id='word_1_74' title='bbox 1226 1833 1340 1906; x_wconf 80' lang='lat' dir='ltr'>Ptole·</span> <span class='ocrx_word' id='word_1_75' title='bbox 1389 1857 1392 1863; x_wconf 58' lang='lat'><strong><em>¹</em></strong></span> <span class='ocrx_word' id='word_1_76' title='bbox 1413 1835 1416 1839; x_wconf 84' lang='lat'>&#39;</span> 
     </span>
    </p>
   </div>
   <div class='ocr_carea' id='block_1_4' title="bbox 272 1955 1398 3666">
    <p class='ocr_par' dir='ltr' id='par_1_5' title="bbox 272 1955 1398 3296">
     <span class='ocr_line' id='line_1_12' title="bbox 275 1955 1340 2049; baseline 0.002 -23"><span class='ocrx_word' id='word_1_77' title='bbox 275 1957 355 2028; x_wconf 90' lang='lat' dir='ltr'>maei</span> <span class='ocrx_word' id='word_1_78' title='bbox 375 1955 499 2048; x_wconf 81' lang='lat' dir='ltr'>Regis,</span> <span class='ocrx_word' id='word_1_79' title='bbox 532 1958 633 2049; x_wconf 89' lang='lat' dir='ltr'>cujus</span> <span class='ocrx_word' id='word_1_80' title='bbox 662 1963 768 2048; x_wconf 89' lang='lat' dir='ltr'>caput</span> <span class='ocrx_word' id='word_1_81' title='bbox 787 1957 971 2030; x_wconf 86' lang='lat' dir='ltr'>inventum</span> <span class='ocrx_word' id='word_1_82' title='bbox 995 1964 1066 2040; x_wconf 87' lang='lat' dir='ltr'>est,</span> <span class='ocrx_word' id='word_1_83' title='bbox 1099 1957 1275 2048; x_wconf 91' lang='lat' dir='ltr'>optimum</span> <span class='ocrx_word' id='word_1_84' title='bbox 1296 1956 1340 2029; x_wconf 91' lang='lat' dir='ltr'>de</span> 
     </span>
     <span class='ocr_line' id='line_1_13' title="bbox 274 2080 1398 2172; baseline 0.001 -20"><span class='ocrx_word' id='word_1_85' title='bbox 274 2081 456 2172; x_wconf 89' lang='lat' dir='ltr'>sculptura</span> <span class='ocrx_word' id='word_1_86' title='bbox 474 2081 721 2154; x_wconf 89' lang='lat' dir='ltr'>testimonium</span> <span class='ocrx_word' id='word_1_87' title='bbox 741 2080 855 2162; x_wconf 84' lang='lat' dir='ltr'>atiert.</span> <span class='ocrx_word' id='word_1_88' title='bbox 875 2080 1059 2154; x_wconf 78' lang='lat' dir='ltr'>Exercitus</span> <span class='ocrx_word' id='word_1_89' title='bbox 1079 2081 1194 2165; x_wconf 86' lang='lat' dir='ltr'>tubae,</span> <span class='ocrx_word' id='word_1_90' title='bbox 1216 2100 1341 2171; x_wconf 87' lang='lat' dir='ltr'>quam·</span> <span class='ocrx_word' id='word_1_91' title='bbox 1391 2081 1398 2089; x_wconf 90' lang='lat'>&#39;</span> 
     </span>
     <span class='ocr_line' id='line_1_14' title="bbox 273 2205 1340 2298; baseline 0.005 -25"><span class='ocrx_word' id='word_1_92' title='bbox 273 2205 326 2275; x_wconf 86' lang='lat' dir='ltr'>vis</span> <span class='ocrx_word' id='word_1_93' title='bbox 353 2205 508 2277; x_wconf 84' lang='lat' dir='ltr'>Gaetulos</span> <span class='ocrx_word' id='word_1_94' title='bbox 534 2207 675 2279; x_wconf 88' lang='lat' dir='ltr'>vincere</span> <span class='ocrx_word' id='word_1_95' title='bbox 703 2226 777 2278; x_wconf 93' lang='lat' dir='ltr'>non</span> <span class='ocrx_word' id='word_1_96' title='bbox 804 2207 981 2298; x_wconf 90' lang='lat' dir='ltr'>potuerit,</span> <span class='ocrx_word' id='word_1_97' title='bbox 1015 2207 1112 2279; x_wconf 88' lang='lat' dir='ltr'>haud</span> <span class='ocrx_word' id='word_1_98' title='bbox 1140 2206 1191 2279; x_wconf 87' lang='lat' dir='ltr'>ita</span> <span class='ocrx_word' id='word_1_99' title='bbox 1219 2213 1340 2280; x_wconf 70' lang='lat' dir='ltr'>nmen</span> 
     </span>
     <span class='ocr_line' id='line_1_15' title="bbox 274 2315 1341 2423; baseline 0.003 -23"><span class='ocrx_word' id='word_1_100' title='bbox 274 2329 499 2421; x_wconf 86' lang='lat' dir='ltr'>spernendus</span> <span class='ocrx_word' id='word_1_101' title='bbox 518 2338 665 2423; x_wconf 85' lang='lat' dir='ltr'>apparet</span> <span class='ocrx_word' id='word_1_102' title='bbox 686 2349 729 2403; x_wconf 81' lang='lat' dir='ltr'>eu</span> <span class='ocrx_word' id='word_1_103' title='bbox 749 2315 806 2403; x_wconf 88' lang='lat' dir='ltr'>his</span> <span class='ocrx_word' id='word_1_104' title='bbox 827 2350 909 2421; x_wconf 88' lang='lat' dir='ltr'>quae</span> <span class='ocrx_word' id='word_1_105' title='bbox 924 2337 1049 2422; x_wconf 84' lang='lat' dir='ltr'>postea</span> <span class='ocrx_word' id='word_1_106' title='bbox 1068 2330 1239 2403; x_wconf 87' lang='lat' dir='ltr'>adversus</span> <span class='ocrx_word' id='word_1_107' title='bbox 1258 2332 1341 2403; x_wconf 86' lang='lat' dir='ltr'>Tac·</span> 
     </span>
     <span class='ocr_line' id='line_1_16' title="bbox 273 2453 1340 2548; baseline 0.002 -23"><span class='ocrx_word' id='word_1_108' title='bbox 273 2453 460 2528; x_wconf 79' lang='lat' dir='ltr'>farinatem</span> <span class='ocrx_word' id='word_1_109' title='bbox 477 2455 614 2529; x_wconf 80' lang='lat' dir='ltr'>fortiter</span> <span class='ocrx_word' id='word_1_110' title='bbox 629 2463 663 2530; x_wconf 90' lang='lat' dir='ltr'>et</span> <span class='ocrx_word' id='word_1_111' title='bbox 677 2457 905 2548; x_wconf 79' lang='lat' dir='ltr'>benegessit.</span> <span class='ocrx_word' id='word_1_112' title='bbox 927 2455 997 2530; x_wconf 88' lang='lat' dir='ltr'>Sed</span> <span class='ocrx_word' id='word_1_113' title='bbox 1018 2455 1173 2547; x_wconf 89' lang='lat' dir='ltr'>proiecto</span> <span class='ocrx_word' id='word_1_114' title='bbox 1194 2455 1340 2528; x_wconf 86' lang='lat' dir='ltr'>euanuit</span> 
     </span>
     <span class='ocr_line' id='line_1_17' title="bbox 273 2578 1337 2671; baseline 0 -21"><span class='ocrx_word' id='word_1_115' title='bbox 273 2579 311 2650; x_wconf 91' lang='lat' dir='ltr'>in</span> <span class='ocrx_word' id='word_1_116' title='bbox 326 2579 421 2653; x_wconf 86' lang='lat' dir='ltr'>bello</span> <span class='ocrx_word' id='word_1_117' title='bbox 440 2579 708 2665; x_wconf 84' lang='lat' dir='ltr'>AEdomoniaco,</span> <span class='ocrx_word' id='word_1_118' title='bbox 732 2588 766 2654; x_wconf 89' lang='lat' dir='ltr'>et</span> <span class='ocrx_word' id='word_1_119' title='bbox 785 2581 876 2653; x_wconf 90' lang='lat' dir='ltr'>nihil</span> <span class='ocrx_word' id='word_1_120' title='bbox 895 2599 938 2654; x_wconf 85' lang='lat' dir='ltr'>ex</span> <span class='ocrx_word' id='word_1_121' title='bbox 959 2599 999 2652; x_wconf 88' lang='lat' dir='ltr'>eo</span> <span class='ocrx_word' id='word_1_122' title='bbox 1019 2578 1195 2671; x_wconf 83' lang='lat' dir='ltr'>superfuit</span> <span class='ocrx_word' id='word_1_123' title='bbox 1213 2579 1252 2651; x_wconf 92' lang='lat' dir='ltr'>in</span> <span class='ocrx_word' id='word_1_124' title='bbox 1278 2597 1337 2651; x_wconf 89' lang='lat' dir='ltr'>co-</span> 
     </span>
     <span class='ocr_line' id='line_1_18' title="bbox 273 2703 1340 2797; baseline 0 -23"><span class='ocrx_word' id='word_1_125' title='bbox 273 2703 437 2775; x_wconf 85' lang='lat' dir='ltr'>hortibus</span> <span class='ocrx_word' id='word_1_126' title='bbox 470 2705 598 2777; x_wconf 85' lang='lat' dir='ltr'>etatis</span> <span class='ocrx_word' id='word_1_127' title='bbox 629 2723 710 2794; x_wconf 87' lang='lat' dir='ltr'>quae</span> <span class='ocrx_word' id='word_1_128' title='bbox 740 2711 864 2797; x_wconf 87' lang='lat' dir='ltr'>postea</span> <span class='ocrx_word' id='word_1_129' title='bbox 897 2705 1138 2776; x_wconf 85' lang='lat' dir='ltr'>Romanorum</span> <span class='ocrx_word' id='word_1_130' title='bbox 1166 2703 1272 2795; x_wconf 89' lang='lat' dir='ltr'>jussu</span> <span class='ocrx_word' id='word_1_131' title='bbox 1301 2704 1340 2774; x_wconf 91' lang='lat' dir='ltr'>in</span> 
     </span>
     <span class='ocr_line' id='line_1_19' title="bbox 273 2829 1339 2920; baseline -0.002 -19"><span class='ocrx_word' id='word_1_132' title='bbox 273 2829 503 2901; x_wconf 85' lang='lat' dir='ltr'>Mauretaniis</span> <span class='ocrx_word' id='word_1_133' title='bbox 522 2829 622 2902; x_wconf 90' lang='lat' dir='ltr'>lectae</span> <span class='ocrx_word' id='word_1_134' title='bbox 639 2838 737 2904; x_wconf 88' lang='lat' dir='ltr'>suut.</span> <span class='ocrx_word' id='word_1_135' title='bbox 754 2832 832 2904; x_wconf 91' lang='lat' dir='ltr'>Non</span> <span class='ocrx_word' id='word_1_136' title='bbox 852 2831 902 2903; x_wconf 85' lang='lat' dir='ltr'>ita</span> <span class='ocrx_word' id='word_1_137' title='bbox 920 2848 1002 2902; x_wconf 88' lang='lat' dir='ltr'>vero</span> <span class='ocrx_word' id='word_1_138' title='bbox 1019 2829 1063 2902; x_wconf 93' lang='lat' dir='ltr'>de</span> <span class='ocrx_word' id='word_1_139' title='bbox 1080 2831 1210 2914; x_wconf 88' lang='lat' dir='ltr'>classe,</span> <span class='ocrx_word' id='word_1_140' title='bbox 1231 2846 1339 2920; x_wconf 86' lang='lat' dir='ltr'>quam</span> 
     </span>
     <span class='ocr_line' id='line_1_20' title="bbox 273 2953 1341 3045; baseline -0.002 -20"><span class='ocrx_word' id='word_1_141' title='bbox 273 2953 450 3026; x_wconf 87' lang='lat' dir='ltr'>crederem</span> <span class='ocrx_word' id='word_1_142' title='bbox 468 2953 629 3027; x_wconf 87' lang='lat' dir='ltr'>eamdem</span> <span class='ocrx_word' id='word_1_143' title='bbox 647 2954 758 3027; x_wconf 88' lang='lat' dir='ltr'>tuisse</span> <span class='ocrx_word' id='word_1_144' title='bbox 778 2974 876 3045; x_wconf 88' lang='lat' dir='ltr'>quae,</span> <span class='ocrx_word' id='word_1_145' title='bbox 895 2953 1063 3044; x_wconf 80' lang='lat' dir='ltr'>deinceps</span> <span class='ocrx_word' id='word_1_146' title='bbox 1083 2972 1167 3045; x_wconf 89' lang='lat' dir='ltr'>pars</span> <span class='ocrx_word' id='word_1_147' title='bbox 1187 2954 1341 3026; x_wconf 80' lang='lat' dir='ltr'>Alexan-</span> 
     </span>
     <span class='ocr_line' id='line_1_21' title="bbox 273 3075 1340 3167; baseline 0 -18"><span class='ocrx_word' id='word_1_148' title='bbox 273 3077 385 3163; x_wconf 87' lang='lat' dir='ltr'>dreae,</span> <span class='ocrx_word' id='word_1_149' title='bbox 407 3077 587 3152; x_wconf 88' lang='lat' dir='ltr'>securitati</span> <span class='ocrx_word' id='word_1_150' title='bbox 608 3079 788 3163; x_wconf 88' lang='lat' dir='ltr'>littorum,</span> <span class='ocrx_word' id='word_1_151' title='bbox 812 3079 982 3151; x_wconf 72' lang='lat' dir='ltr'>Caesareae</span> <span class='ocrx_word' id='word_1_152' title='bbox 999 3075 1205 3160; x_wconf 82' lang='lat' dir='ltr'>considam,</span> <span class='ocrx_word' id='word_1_153' title='bbox 1227 3077 1340 3167; x_wconf 89' lang='lat' dir='ltr'>impe·</span> 
     </span>
     <span class='ocr_line' id='line_1_22' title="bbox 272 3198 787 3296; baseline 0.004 -26"><span class='ocrx_word' id='word_1_154' title='bbox 272 3200 325 3272; x_wconf 93' lang='lat' dir='ltr'>rio</span> <span class='ocrx_word' id='word_1_155' title='bbox 346 3200 498 3274; x_wconf 91' lang='lat' dir='ltr'>durante</span> <span class='ocrx_word' id='word_1_156' title='bbox 518 3201 699 3274; x_wconf 83' lang='lat' dir='ltr'>consuluit</span> <span class='ocrx_word' id='word_1_157' title='bbox 722 3199 733 3296; x_wconf 91' lang='lat'><strong>(</strong></span> <span class='ocrx_word' id='word_1_158' title='bbox 758 3198 787 3294; x_wconf 88' lang='lat'>).</span> 
     </span>
    </p>

    <p class='ocr_par' dir='ltr' id='par_1_6' title="bbox 272 3325 1339 3666">
     <span class='ocr_line' id='line_1_23' title="bbox 320 3325 1337 3399; baseline 0.001 -2"><span class='ocrx_word' id='word_1_159' title='bbox 320 3325 484 3398; x_wconf 86' lang='lat' dir='ltr'>Ceterum</span> <span class='ocrx_word' id='word_1_160' title='bbox 504 3326 757 3398; x_wconf 87' lang='lat' dir='ltr'>multominus</span> <span class='ocrx_word' id='word_1_161' title='bbox 777 3326 1006 3398; x_wconf 80' lang='lat' dir='ltr'>Mauretania</span> <span class='ocrx_word' id='word_1_162' title='bbox 1025 3325 1182 3398; x_wconf 78' lang='lat' dir='ltr'>futuram</span> <span class='ocrx_word' id='word_1_163' title='bbox 1206 3332 1337 3399; x_wconf 90' lang='lat' dir='ltr'>sortem</span> 
     </span>
     <span class='ocr_line' id='line_1_24' title="bbox 272 3449 1339 3542; baseline 0.002 -22"><span class='ocrx_word' id='word_1_164' title='bbox 272 3465 379 3540; x_wconf 86' lang='lat' dir='ltr'>quam</span> <span class='ocrx_word' id='word_1_165' title='bbox 396 3450 545 3542; x_wconf 75' lang='lat' dir='ltr'>Augusti</span> <span class='ocrx_word' id='word_1_166' title='bbox 565 3450 777 3533; x_wconf 83' lang='lat' dir='ltr'>amicitiam,</span> <span class='ocrx_word' id='word_1_167' title='bbox 796 3449 888 3521; x_wconf 83' lang='lat' dir='ltr'>tuba</span> <span class='ocrx_word' id='word_1_168' title='bbox 907 3457 1087 3542; x_wconf 87' lang='lat' dir='ltr'>spectasse</span> <span class='ocrx_word' id='word_1_169' title='bbox 1105 3449 1258 3534; x_wconf 87' lang='lat' dir='ltr'>videtur,</span> <span class='ocrx_word' id='word_1_170' title='bbox 1277 3468 1339 3522; x_wconf 89' lang='lat' dir='ltr'>ne·</span> 
     </span>
     <span class='ocr_line' id='line_1_25' title="bbox 272 3574 1338 3666; baseline -0.002 -20"><span class='ocrx_word' id='word_1_171' title='bbox 272 3593 342 3664; x_wconf 87' lang='lat' dir='ltr'>que</span> <span class='ocrx_word' id='word_1_172' title='bbox 364 3576 485 3649; x_wconf 82' lang='lat' dir='ltr'>Romae</span> <span class='ocrx_word' id='word_1_173' title='bbox 507 3594 625 3666; x_wconf 88' lang='lat' dir='ltr'>neque</span> <span class='ocrx_word' id='word_1_174' title='bbox 652 3575 801 3659; x_wconf 84' lang='lat' dir='ltr'>Mauris,</span> <span class='ocrx_word' id='word_1_175' title='bbox 824 3574 888 3647; x_wconf 89' lang='lat' dir='ltr'>sed</span> <span class='ocrx_word' id='word_1_176' title='bbox 915 3574 1071 3666; x_wconf 88' lang='lat' dir='ltr'>Principi</span> <span class='ocrx_word' id='word_1_177' title='bbox 1090 3575 1286 3658; x_wconf 87' lang='lat' dir='ltr'>inservire,</span> <span class='ocrx_word' id='word_1_178' title='bbox 1308 3574 1338 3645; x_wconf 91' lang='lat' dir='ltr'>si</span> 
     </span>
    </p>
   </div>
   <div class='ocr_carea' id='block_1_5' title="bbox 271 3798 1341 4401">
    <p class='ocr_par' dir='ltr' id='par_1_7' title="bbox 302 3798 777 3867">
     <span class='ocr_line' id='line_1_26' title="bbox 302 3798 777 3867; baseline -0.006 -13"><span class='ocrx_word' id='word_1_179' title='bbox 302 3803 336 3866; x_wconf 86' lang='grc'>(11</span> <span class='ocrx_word' id='word_1_180' title='bbox 355 3798 416 3852; x_wconf 88' lang='lat' dir='ltr'>Vid.</span> <span class='ocrx_word' id='word_1_181' title='bbox 435 3803 533 3867; x_wconf 79' lang='lat' dir='ltr'>Vopope</span> <span class='ocrx_word' id='word_1_182' title='bbox 546 3802 652 3865; x_wconf 76' lang='lat' dir='ltr'>d&#39;dtude,</span> <span class='ocrx_word' id='word_1_183' title='bbox 668 3817 727 3866; x_wconf 85' lang='lat' dir='ltr'>cap.</span> <span class='ocrx_word' id='word_1_184' title='bbox 744 3800 777 3852; x_wconf 84' lang='lat' dir='ltr'>V.</span> 
     </span>
    </p>

    <p class='ocr_par' dir='ltr' id='par_1_8' title="bbox 273 3889 1339 4143">
     <span class='ocr_line' id='line_1_27' title="bbox 304 3889 1339 3958; baseline 0.001 -17"><span class='ocrx_word' id='word_1_185' title='bbox 304 3890 336 3954; x_wconf 78' lang='lat'>(2)</span> <span class='ocrx_word' id='word_1_186' title='bbox 355 3889 454 3942; x_wconf 77' lang='lat' dir='ltr'>Forsan</span> <span class='ocrx_word' id='word_1_187' title='bbox 471 3896 499 3943; x_wconf 89' lang='lat' dir='ltr'>et</span> <span class='ocrx_word' id='word_1_188' title='bbox 516 3893 630 3956; x_wconf 83' lang='lat' dir='ltr'>pubiicae</span> <span class='ocrx_word' id='word_1_189' title='bbox 650 3893 833 3958; x_wconf 77' lang='lat' dir='ltr'>prosperitatis</span> <span class='ocrx_word' id='word_1_190' title='bbox 853 3890 1031 3942; x_wconf 85' lang='lat' dir='ltr'>decrescentis</span> <span class='ocrx_word' id='word_1_191' title='bbox 1050 3889 1180 3941; x_wconf 88' lang='lat' dir='ltr'>iudicium</span> <span class='ocrx_word' id='word_1_192' title='bbox 1199 3889 1250 3941; x_wconf 87' lang='lat' dir='ltr'>erit</span> <span class='ocrx_word' id='word_1_193' title='bbox 1268 3889 1339 3955; x_wconf 87' lang='lat' dir='ltr'>quod</span> 
     </span>
     <span class='ocr_line' id='line_1_28' title="bbox 273 3978 1339 4045; baseline 0.001 -16"><span class='ocrx_word' id='word_1_194' title='bbox 273 3981 376 4030; x_wconf 87' lang='lat' dir='ltr'>nummi</span> <span class='ocrx_word' id='word_1_195' title='bbox 404 3982 559 4032; x_wconf 88' lang='lat' dir='ltr'>ultimorum</span> <span class='ocrx_word' id='word_1_196' title='bbox 578 3995 709 4032; x_wconf 82' lang='lat' dir='ltr'>annorum</span> <span class='ocrx_word' id='word_1_197' title='bbox 730 3981 846 4045; x_wconf 86' lang='lat' dir='ltr'>pondere</span> <span class='ocrx_word' id='word_1_198' title='bbox 869 3981 1072 4031; x_wconf 87' lang='lat' dir='ltr'>imminuuntur.</span> <span class='ocrx_word' id='word_1_199' title='bbox 1092 3979 1154 4030; x_wconf 91' lang='lat' dir='ltr'>Vid.</span> <span class='ocrx_word' id='word_1_200' title='bbox 1173 3978 1265 4040; x_wconf 75' lang='lat' dir='ltr'>Muri,</span> <span class='ocrx_word' id='word_1_201' title='bbox 1286 3978 1339 4041; x_wconf 92' lang='grc' dir='ltr'>ΙΙΙ,</span> 
     </span>
     <span class='ocr_line' id='line_1_29' title="bbox 276 4066 752 4143; baseline 0.002 -24"><span class='ocrx_word' id='word_1_202' title='bbox 276 4083 302 4132; x_wconf 89' lang='lat' dir='ltr'>p.</span> <span class='ocrx_word' id='word_1_203' title='bbox 320 4066 441 4130; x_wconf 74' lang='grc'><strong>115,181.</strong></span> <span class='ocrx_word' id='word_1_204' title='bbox 750 4139 752 4143; x_wconf 23' lang='grc' dir='ltr'>Ι</span> 
     </span>
    </p>

    <p class='ocr_par' dir='ltr' id='par_1_9' title="bbox 306 4155 759 4224">
     <span class='ocr_line' id='line_1_30' title="bbox 306 4155 759 4224; baseline 0.004 -17"><span class='ocrx_word' id='word_1_205' title='bbox 306 4155 443 4221; x_wconf 79' lang='grc'><strong>(11111111,</strong></span> <span class='ocrx_word' id='word_1_206' title='bbox 459 4157 507 4220; x_wconf 93' lang='grc' dir='ltr'>ΙΙΙ,</span> <span class='ocrx_word' id='word_1_207' title='bbox 523 4175 550 4224; x_wconf 90' lang='lat' dir='ltr'>p.</span> <span class='ocrx_word' id='word_1_208' title='bbox 566 4157 619 4220; x_wconf 89' lang='grc'><strong>113,</strong></span> <span class='ocrx_word' id='word_1_209' title='bbox 637 4161 689 4222; x_wconf 86' lang='grc'><strong>115,</strong></span> <span class='ocrx_word' id='word_1_210' title='bbox 707 4158 759 4210; x_wconf 85' lang='grc'><strong>131.</strong></span> 
     </span>
    </p>

    <p class='ocr_par' dir='ltr' id='par_1_10' title="bbox 271 4244 1341 4401">
     <span class='ocr_line' id='line_1_31' title="bbox 302 4244 1341 4313; baseline 0.001 -18"><span class='ocrx_word' id='word_1_211' title='bbox 302 4246 337 4310; x_wconf 81' lang='grc' dir='ltr'>(Ι)</span> <span class='ocrx_word' id='word_1_212' title='bbox 358 4247 398 4299; x_wconf 89' lang='lat' dir='ltr'>De</span> <span class='ocrx_word' id='word_1_213' title='bbox 417 4263 447 4300; x_wconf 87' lang='lat' dir='ltr'>ea</span> <span class='ocrx_word' id='word_1_214' title='bbox 469 4263 554 4313; x_wconf 88' lang='lat' dir='ltr'>nuper</span> <span class='ocrx_word' id='word_1_215' title='bbox 572 4250 698 4300; x_wconf 86' lang='lat' dir='ltr'>dixerunt</span> <span class='ocrx_word' id='word_1_216' title='bbox 720 4249 811 4299; x_wconf 77' lang='lat' dir='ltr'>Heron</span> <span class='ocrx_word' id='word_1_217' title='bbox 832 4248 865 4299; x_wconf 87' lang='lat' dir='ltr'>de</span> <span class='ocrx_word' id='word_1_218' title='bbox 881 4246 1024 4299; x_wconf 80' lang='lat' dir='ltr'>Villeiosse</span> <span class='ocrx_word' id='word_1_219' title='bbox 1039 4249 1067 4298; x_wconf 89' lang='lat' dir='ltr'>in</span> <span class='ocrx_word' id='word_1_220' title='bbox 1082 4245 1195 4298; x_wconf 76' lang='lat' dir='ltr'>Butlett&#39;c</span> <span class='ocrx_word' id='word_1_221' title='bbox 1209 4244 1252 4296; x_wconf 83' lang='lat' dir='ltr'>das</span> <span class='ocrx_word' id='word_1_222' title='bbox 1266 4246 1341 4298; x_wconf 79' lang='lat' dir='ltr'>onti-</span> 
     </span>
     <span class='ocr_line' id='line_1_32' title="bbox 271 4333 1285 4401; baseline -0.002 -15"><span class='ocrx_word' id='word_1_223' title='bbox 271 4337 354 4400; x_wconf 73' lang='lat' dir='ltr'>patra</span> <span class='ocrx_word' id='word_1_224' title='bbox 369 4336 513 4401; x_wconf 72' lang='lat' dir='ltr'>asciscinas</span> <span class='ocrx_word' id='word_1_225' title='bbox 528 4343 552 4388; x_wconf 88' lang='lat' dir='ltr'>et</span> <span class='ocrx_word' id='word_1_226' title='bbox 569 4337 602 4386; x_wconf 88' lang='lat' dir='ltr'>H.</span> <span class='ocrx_word' id='word_1_227' title='bbox 619 4337 729 4388; x_wconf 85' lang='lat' dir='ltr'>Ferrero</span> <span class='ocrx_word' id='word_1_228' title='bbox 744 4339 770 4386; x_wconf 92' lang='lat' dir='ltr'>in</span> <span class='ocrx_word' id='word_1_229' title='bbox 788 4337 900 4390; x_wconf 79' lang='lat' dir='ltr'>Butletr&#39;n</span> <span class='ocrx_word' id='word_1_230' title='bbox 914 4337 1099 4401; x_wconf 71' lang='lat' dir='ltr'>cpipropitr&#39;que</span> <span class='ocrx_word' id='word_1_231' title='bbox 1113 4336 1144 4386; x_wconf 84' lang='lat' dir='ltr'>de</span> <span class='ocrx_word' id='word_1_232' title='bbox 1156 4334 1182 4384; x_wconf 81' lang='lat' dir='ltr'>lo</span> <span class='ocrx_word' id='word_1_233' title='bbox 1199 4333 1285 4386; x_wconf 74' lang='lat' dir='ltr'>Gaulo.</span> 
     </span>
    </p>
   </div>
   <div class='ocr_carea' id='block_1_6' title="bbox 0 0 1750 5318">
    <p class='ocr_par' dir='ltr' id='par_1_11' title="bbox 0 0 1750 5318">
     <span class='ocr_line' id='line_1_33' title="bbox 0 0 1750 5318; baseline 0 0"><span class='ocrx_word' id='word_1_234' title='bbox 0 0 1750 5318; x_wconf 95' lang='lat' dir='ltr'> </span> 
     </span>
    </p>
   </div>
  </div>
 </body>
</html>
