3490 5318
876 625 914 640 ..
937 591 994 656 133
1014 623 1054 642 ..

432 731 559 825 libyca.
581 689 677 822 Quas
701 685 940 814 omnes,i1ac
962 747 1035 801 una
1062 736 1208 824 excepta
1227 729 1272 808 de
1296 751 1368 826 qua
1388 695 1494 809 nemo

315 867 319 874 ’
432 854 626 949 cogitabat,
651 855 804 947 perfecte
829 870 867 927 sc
887 853 1030 926 novisse
1050 861 1226 928 monstrat
1244 859 1494 936 numerosissi-

432 981 500 1056 mis
536 980 722 1073 oxemplis.
751 979 830 1052 Non
864 977 946 1051 ideo
972 984 1091 1052 tamen
1124 979 1222 1056 iliam
1255 984 1493 1073 grammaticae

430 1111 567 1198 partem
583 1122 690 1197 quam
707 1100 992 1196 comparativam
1007 1101 1160 1178 dicimus
1177 1123 1276 1178 suam
1296 1107 1491 1182 ullomodo

431 1230 572 1311 iecerat,
594 1245 701 1320 quam
722 1246 800 1301 oum
821 1228 988 1299 universa
1002 1228 1215 1319 antiquitate
1229 1249 1276 1304 ne
1290 1231 1491 1325 suspicatus

432 1352 577 1445 quidem
593 1359 660 1426 est.
678 1353 813 1424 Forsan
828 1357 947 1423 autem
966 1331 1124 1424 severius
1139 1359 1234 1428 esset
1252 1355 1491 1448 ignorantiam

431 1478 464 1550 ei
483 1475 697 1568 exprobrare
716 1493 797 1566 quae
814 1492 879 1566 per
898 1480 950 1548 tot
967 1482 1049 1566 post
1066 1493 1148 1548 cum
1166 1476 1296 1550 saecula
1316 1480 1493 1571 usquead

431 1607 594 1675 nostrum
614 1599 765 1673 durarit.
789 1600 929 1674 Etenim
947 1618 1059 1690 quum
1080 1600 1377 1704 comparationes,
1399 1622 1491 1698 quas

428 1743 622 1820 gracorum
640 1724 907 1814 latinorumque
927 1723 1179 1797 vocabulorum
1200 1725 1357 1800 institnit
1375 1734 1415 1801 ut
1429 1727 1493 1801 ho·

427 1867 506 1922 rum
521 1866 565 1921 ex
585 1845 658 1922 iilis
677 1846 840 1921 ducenda
858 1853 1027 1938 appareat
1046 1848 1158 1940 origo,
1178 1849 1251 1923 iero
1270 1869 1396 1926 omues
1417 1871 1491 1924 non

429 1973 503 2046 siut
521 1973 593 2045 nisi
618 1989 709 2044 vana
731 1989 879 2064 prorsus
899 1971 1115 2062 veriloqoia,
1137 1991 1196 2046 aas
1222 1979 1341 2046 tamen
1364 1975 1491 2048 aVar·

430 2116 516 2172 rone
535 2096 719 2169 doctorum
747 2094 955 2169 doctissimo
973 2094 1186 2187 pierumque
1206 2106 1400 2190 acceparat.
1424 2099 1493 2172 Sed

430 2222 523 2294 siout
536 2221 731 2292 Varronem
751 2217 940 2300 hahemus,
958 2217 1065 2291 modo
1085 2221 1187 2293 latini
1204 2223 1382 2296 sermonis
1400 2224 1496 2296 intra

429 2345 521 2418 fines
548 2348 752 2425 ramaneat,
784 2341 956 2415 eximium
981 2344 1269 2434 grammaticum,
1293 2346 1345 2419 sio
1366 2346 1494 2419 Jubam
1538 2411 1543 2420 .

429 2469 621 2562 separatim
648 2487 760 2562 graece
780 2468 961 2558 latinoque
981 2466 1147 2549 doctum,
1172 2469 1279 2541 etiam
1306 2474 1491 2562 argutum,

430 2595 625 2668 cernimus.
655 2593 758 2679 Quod
790 2597 938 2685 apparet
962 2590 1025 2663 uhi
1059 2593 1279 2666 contaminat
1305 2610 1349 2665 ex
1371 2593 1494 2688 graecis

429 2719 624 2810 latinisque
643 2716 817 2800 motibus,
839 2723 879 2788 ut
896 2716 1067 2809 Dionysio
1088 2721 1123 2789 et
1140 2715 1321 2791 Varrone:
1338 2719 1496 2814 namhio

427 2863 509 2918 eum
526 2842 700 2936 judicavit
711 2842 864 2914 Barthus
880 2841 967 2913 artis
982 2840 1220 2935 grammaticae
1234 2843 1404 2935 peritum,
1416 2843 1492 2935 qui,

427 2969 641 3061 Dionysium
665 2984 845 3058 usurpans
869 2966 1121 3057 porrigensque
1141 2966 1267 3050 simui,
1288 2968 1394 3040 etiam
1415 2985 1494 3060 spe·

428 3093 559 3167 cimina
581 3092 752 3166 doctrinae
777 3089 1016 3182 grammaticae
1040 3089 1188 3183 praebet.
1210 3091 1341 3163 Verum
1360 3108 1428 3164 nos
1452 3109 1495 3164 ex

430 3219 507 3310 ejus
523 3216 626 3289 libris
641 3215 785 3308 proprio
800 3213 1039 3307 grammaticis
1054 3233 1180 3307 pauca,
1198 3219 1233 3287 ot
1246 3233 1288 3287 ea
1306 3215 1405 3308 parvi
1420 3233 1495 3289 mo·

428 3342 562 3427 menti,
592 3341 780 3413 habemus.
806 3340 941 3431 Nempe
969 3339 1007 3410 in
1039 3334 1237 3433 Ὁμοιότησιν
1266 3341 1496 3431 grammatica

429 3464 592 3538 nonnisi
612 3464 752 3536 ancillae
771 3470 890 3554 partes
906 3463 1022 3555 egisse
1040 3462 1193 3546 videtur,
1216 3463 1397 3537 historicae
1418 3463 1493 3537 dis·

430 3589 574 3681 ciplinae
593 3606 700 3679 quam
725 3585 1001 3678 arctoeolopa'am
1021 3605 1188 3659 vocamus
1211 3587 1388 3670 serviens,
1410 3588 1495 3660 dum

349 3712 352 3719 '
432 3713 524 3787 Juha
542 3731 661 3785 rorum
681 3729 910 3784 romanarum
931 3730 1004 3783 non
1025 3711 1131 3783 modo
1152 3730 1231 3784 cum
1254 3712 1377 3806 graecis
1397 3711 1495 3784 simi·

431 3836 604 3911 litudines
625 3835 689 3909 sed
708 3842 743 3907 et
766 3853 810 3907 ex
832 3835 891 3907 his
915 3834 1088 3926 originem
1116 3833 1363 3907 demonstrare
1389 3836 1493 3908 insti·

402 3949 512 4034 tuit.

482 4084 581 4157 Sicut
604 4083 643 4155 in
661 4083 812 4157 historia
831 4084 1007 4166 naturali,
1029 4084 1080 4156 sic
1105 4083 1143 4155 in
1163 4083 1377 4177 geographia
1394 4083 1497 4158 Iuba·

431 4226 515 4280 nam
530 4207 598 4280 sub
618 4208 770 4280 aliorum
791 4206 952 4279 doctrina
972 4207 1140 4280 latentem
1158 4207 1255 4281 haud
1274 4207 1362 4281 satis
1377 4208 1496 4300 explo-

432 4337 544 4408 ratam
567 4331 757 4405 habemus.
781 4331 928 4406 Constat
947 4339 1067 4405 tamen
1086 4348 1164 4405 eam
1184 4350 1205 4402 a
1228 4331 1344 4406 Plinio
1368 4332 1493 4426 largis·
