3490 5318
681 559 859 622 -lat-

234 702 432 775 Numidico
465 702 700 793 sequabatur,
733 719 797 771 nec
816 701 999 772 meliorem
1026 700 1297 791 gravioremque

235 836 413 902 auctorem
433 847 520 900 sane
534 826 705 898 adhibere
723 831 873 916 potarat.
897 825 1040 896 Punicis
1058 824 1153 897 enim
1175 843 1297 896 monc-

235 954 367 1026 mentis
399 949 609 1043 lempsalem
641 969 746 1021 usum
782 949 1061 1040 diligentemque
1090 949 1296 1041 scriptorem

236 1079 347 1150 luisse
362 1082 578 1148 asseruntea
590 1093 670 1164 quae
681 1074 725 1146 de
738 1073 909 1146 interiore
922 1079 1017 1145 statu
1030 1080 1138 1163 atque
1148 1074 1299 1146 historia

238 1201 462 1293 Carthaginis
481 1219 544 1290 per
563 1199 625 1269 illa
639 1206 800 1288 tempora
814 1197 915 1268 anae
930 1198 1094 1280 tradidit,
1115 1199 1300 1289 multaque

239 1327 335 1399 livio
356 1324 503 1415 Polybio
532 1323 730 1412 ceterisque
758 1322 812 1393 vel
838 1323 959 1412 ignota
979 1322 1034 1393 val
1060 1323 1181 1394 minus
1208 1322 1301 1394 beno
1364 1375 1368 1382 .

239 1450 417 1523 intellecta
432 1467 495 1540 per
506 1447 628 1518 dirum
645 1446 827 1518 hominem
843 1447 977 1536 optime
992 1447 1198 1537 accipimus.
1215 1447 1297 1529 Sed,

241 1575 337 1667 quod
364 1575 485 1646 omnia
513 1573 642 1655 anteit,
673 1559 785 1643 unum
817 1571 913 1643 hunc
940 1571 1115 1642 habemus
1146 1573 1207 1662 qni
1237 1590 1303 1644 nec

242 1683 373 1774 Poenus
406 1717 471 1770 nec
502 1699 684 1768 Romanus
714 1714 780 1767 nec
809 1695 1022 1767 Hannibalis
1056 1697 1206 1787 scriptor
1239 1715 1305 1770 nec

242 1823 447 1914 Scipionum
468 1820 653 1893 familiaris
673 1821 779 1892 luerit
797 1819 939 1890 illarum
965 1839 1083 1891 rerum
1107 1828 1300 1892 auctorem.

240 1945 430 2018 Numidam
463 1945 558 2016 enim
593 1943 793 2023 cernimus,
829 1941 948 2014 studio
975 1943 1129 2034 partium
1157 1944 1305 2016 omnino

231 2051 412 2149 uacuum,
435 2070 568 2160 patrias
587 2075 670 2140 ante
689 2068 810 2139 omnia
834 2085 890 2138 res
918 2068 956 2138 in
980 2067 1076 2139 bello
1095 2070 1226 2159 punico
1246 2089 1303 2141 se-

244 2201 426 2285 quentem.
450 2192 552 2278 Quod
571 2192 676 2264 nohis
701 2190 1002 2283 pretiosissimum
1023 2198 1096 2274 est,
1119 2210 1202 2263 nam
1222 2193 1307 2264 inde

244 2317 289 2389 ad
307 2317 425 2387 vivom
445 2333 614 2404 expressa
634 2321 668 2386 et
687 2315 799 2386 multa
817 2333 935 2387 rerum
957 2315 1058 2406 copia
1077 2315 1210 2387 nobilis
1237 2317 1307 2389 lla-

145 2533 147 2537 ·
246 2429 387 2512 sinissae¹
406 2457 561 2530 persona
580 2440 669 2520 enit,
692 2440 792 2530 cujus
811 2446 930 2530 partes
950 2439 987 2509 in
1008 2439 1065 2510 his
1086 2439 1193 2511 rebus
1217 2446 1251 2510 et
1270 2439 1307 2510 in

148 2653 151 2659 Ι
246 2566 343 2636 omni
369 2563 614 2636 Africanarum
644 2564 803 2654 gentium
832 2562 981 2635 historia
1009 2570 1152 2652 quantae
1177 2563 1310 2634 inerint

247 2696 368 2761 notum
384 2695 449 2760 est.
464 2689 528 2759 Cui
541 2688 607 2759 etsi
623 2689 704 2778 plus
716 2706 819 2778 aequo
835 2688 964 2760 lavisse
978 2695 1100 2759 auctor
1114 2686 1309 2778 aliquando
1399 2669 1401 2674 ’

248 2812 406 2894 ridetur,
425 2819 545 2883 tamen
563 2813 700 2903 egregie
720 2811 764 2882 de
783 2812 906 2892 nohis,
930 2819 981 2884 tot
999 2819 1034 2882 et
1053 2817 1125 2882 tam
1149 2811 1251 2882 utilia
1267 2811 1311 2882 de

248 2939 354 3011 rebus
372 2956 483 3028 quum
506 2937 665 3008 romanis
688 2943 762 3008 tum
789 2938 931 3027 punicis
954 2937 1220 3027 numidicisquo
1246 2944 1313 3008 tra-

214 3157 217 3163 ·
249 3063 358 3146 dens,
378 3062 501 3153 procul
522 3061 632 3133 dubio
654 3062 801 3134 meritus
823 3068 888 3133 est.

296 3189 419 3278 Neque
439 3187 554 3258 solnm
576 3187 785 3268 Masinissa,
810 3186 874 3258 sed
898 3187 935 3256 ni
963 3183 1066 3258 lallor
1086 3189 1191 3260 etiarn
1216 3187 1315 3260 Cleo·

250 3317 368 3404 patra,
404 3313 545 3403 qualem
578 3312 763 3396 novimuS,
794 3311 894 3384 lubae
919 3313 1147 3403 aliquatenus
1177 3313 1313 3385 adscri-

250 3436 368 3508 benda
386 3443 452 3508 est.
475 3436 528 3507 Ab
547 3437 609 3507 illa
628 3438 724 3508 enim
742 3435 879 3528 perfida
896 3444 930 3508 et
946 3437 1056 3508 nimis
1076 3438 1203 3509 odiosa
1218 3437 1316 3509 Cleo·

251 3568 351 3652 patra
383 3579 491 3651 quam
520 3561 657 3632 romani
686 3561 848 3651 plerique
882 3561 1072 3652 scriptores
1101 3561 1317 3633 adumbrant

253 3691 291 3755 ut
306 3685 371 3756 llio
388 3683 525 3755 Livium
547 3691 703 3768 secutus,
725 3705 746 3756 a
765 3685 862 3756 iatali
882 3686 944 3757 illo
962 3693 1120 3758 monstro
1142 3686 1239 3776 quod
1257 3703 1319 3776 par

254 3809 386 3880 scelera
405 3814 440 3880 et
458 3809 701 3899 turpitudines
722 3809 899 3880 excidium
923 3809 1064 3901 imperii
1080 3810 1320 3901 Capitoliique

255 3933 394 4003 ruinam
414 3951 545 4024 parans
570 3940 684 4024 poetae
704 3933 854 4024 Augusti
880 3933 1074 4007 familiares
1101 3935 1317 4022 ostendunt,

254 4063 388 4147 quanto
422 4056 530 4128 distet
557 4057 766 4129 Plutarchea
789 4057 835 4142 in,
852 4058 931 4129 Vita
963 4058 1111 4130 Antonii
1137 4059 1323 4149 Cleopatra

257 4199 363 4253 nomo
378 4189 433 4252 est
448 4183 511 4272 qui
527 4200 600 4253 non
615 4181 890 4255 animadvertat.
902 4181 1048 4254 Antonii
1065 4202 1208 4274 quoque
1224 4182 1324 4257 indo·

257 4307 328 4376 lem
348 4313 383 4378 et
403 4307 591 4378 amborum
613 4325 669 4378 res
690 4313 806 4398 gestas
827 4325 1006 4398 nusquam
1027 4307 1173 4382 uberius
1190 4309 1324 4400 justius
