3490 5318
867 558 1046 618 -Μ-

421 716 507 770 sane
535 697 713 789 praestitit.
741 696 965 770 bilissimum
994 695 1105 768 luisse
1135 699 1294 776 constat,
1330 698 1364 765 et
1396 709 1484 763 usus

420 822 649 895 Mauretania
667 819 795 892 asserit
813 845 821 890 :
839 821 877 891 in
893 838 965 910 qua
979 837 1076 890 nnno
1090 817 1177 890 satis
1192 833 1362 908 paupere,
1375 799 1483 888 etiam

420 947 459 1018 in
473 945 711 1039 pauperrimis
732 945 907 1036 partibus,
924 945 1032 1018 dnoas
1048 950 1082 1015 et
1100 942 1280 1035 principes
1296 958 1481 1032 nunqnam

369 1057 372 1064 ’
420 1070 552 1142 frustra
570 1070 712 1142 divitias
738 1076 916 1160 quaerunt.
944 1069 1082 1155 Quibus
1106 1068 1166 1139 ille
1190 1066 1324 1140 divitiis
1343 1072 1377 1138 et
1395 1067 1483 1138 ami-

420 1194 503 1266 citia
529 1195 704 1286 Principis
725 1194 856 1274 iratus,
879 1211 997 1284 neque
1021 1198 1060 1264 ut
1086 1191 1224 1264 videtur
1244 1191 1289 1263 de
1309 1210 1347 1263 se
1366 1191 1404 1262 in
1423 1188 1484 1262 de·

420 1321 532 1393 terius
543 1320 723 1411 judicans,
738 1321 843 1392 vitam
859 1319 1186 1402 deliciosissimum,
1203 1318 1359 1390 honores
1375 1334 1482 1407 quarn

421 1444 596 1517 maximos
611 1444 707 1536 apud
721 1446 893 1537 populum
910 1461 1117 1529 romanum,
1136 1441 1277 1514 divinos
1292 1439 1388 1533 apud
1403 1459 1484 1532 pro·

420 1567 553 1659 prium,
570 1568 705 1659 ubique
724 1568 872 1660 grandia
891 1574 952 1640 aut
972 1567 1099 1640 saltem
1115 1566 1306 1659 splendida
1324 1583 1484 1639 asserere

421 1692 490 1764 sibi
508 1692 658 1776 studuit,
673 1692 872 1764 litterarum
892 1710 1036 1782 quoqne
1056 1691 1204 1782 gloriam
1218 1689 1324 1781 regali
1343 1707 1483 1781 pompeo

420 1817 552 1890 addere
571 1817 752 1909 dignatus.
772 1819 864 1890 Sunt
879 1819 941 1908 qni
959 1835 1040 1889 eom
1055 1816 1236 1907 exemplar
1251 1815 1363 1888 fnisse
1379 1815 1483 1887 abso-

420 1939 534 2012 lutum
555 1947 589 2014 et
608 1941 801 2032 perlectum
822 1941 914 2033 ragis
934 1942 1067 2033 populo
1088 1958 1236 2012 romano
1255 1938 1483 2011 inservientis

420 2063 541 2136 dicant
558 2061 615 2158 (l)
634 2089 643 2137 ε
664 2084 711 2136 an
730 2084 852 2138 verum
872 2065 919 2137 sit
938 2065 1003 2137 tibi
1020 2064 1270 2156 jndioandnm.
1294 2061 1364 2135 Sed
1386 2064 1484 2136 llan-

420 2190 557 2260 relania
576 2189 647 2260 nisi
665 2189 711 2261 ab
731 2209 786 2273 eo,
804 2196 924 2262 mmen
944 2207 985 2263 eo
1002 2195 1185 2280 regnante,
1206 2187 1370 2278 quaedam
1392 2205 1484 2258 nova

418 2320 612 2404 aeoeperal.
642 2313 753 2405 anns
779 2321 911 2386 statum
943 2314 1149 2406 inspicienti
1183 2319 1374 2405 postquam
1402 2330 1484 2403 pro·

417 2437 533 2510 vincia
552 2437 642 2510 laeta
658 2446 713 2511 est
732 2459 805 2512 non
825 2442 973 2513 omnino
988 2439 1120 2512 trustra
1139 2445 1327 2532 appareret
1345 2439 1484 2530 Angus-

418 2567 493 2632 tum
513 2562 715 2653 iubamque
734 2563 858 2636 luisse.
885 2564 996 2636 Nobis
1014 2571 1133 2637 autern
1157 2582 1248 2635 nova
1268 2561 1398 2644 adlrno,
1420 2561 1485 2635 sed

417 2693 541 2777 postea
560 2688 605 2761 ad
627 2689 857 2762 arescendum
881 2697 983 2782 apta,
1008 2691 1038 2762 si
1059 2696 1245 2780 quaesunt
1272 2688 1310 2759 in
1330 2687 1481 2772 divinia,

417 2810 572 2900 publiois
598 2813 818 2904 privatisque
842 2813 971 2898 rebus,
995 2815 1083 2887 satis
1108 2813 1176 2886 erit
1199 2811 1480 2904 deprehendere.
1575 2789 1578 2798 ¹

467 2935 570 3022 Quod
587 2935 633 3008 ad
653 2937 845 3028 religiones
864 2938 1031 3029 pertinet,
1053 2936 1244 3010 silentibus
1261 2936 1480 3019 auctoribus,

417 3061 576 3143 nummi,
594 3060 731 3145 ruina,
758 3061 895 3153 lapides
922 3063 1101 3155 praecipue
1121 3060 1363 3153 interrogandi
1382 3067 1480 3134 sunt.

416 3185 493 3255 lam
513 3203 576 3277 per
596 3203 634 3257 se
657 3184 804 3258 evidens
824 3193 878 3259 est.
897 3187 1047 3278 antiqua
1067 3187 1183 3278 gentis
1205 3204 1305 3258 saera
1325 3193 1364 3258 nt
1381 3185 1483 3278 prius

416 3301 456 3379 in
475 3309 610 3382 honore
635 3310 746 3382 inisse
769 3335 776 3380 :
800 3329 883 3383 nam
907 3318 942 3383 et
967 3311 1034 3383 sub
1055 3310 1226 3382 llomanis
1252 3328 1392 3401 semper
1410 3310 1483 3382 Au·

417 3430 507 3503 lisra
534 3430 603 3526 (l),
626 3435 739 3505 Baoar
763 3434 835 3528 (5),
865 3435 1019 3526 lempsal
1044 3434 1133 3507 deus
1156 3431 1211 3528 (l)
1237 3452 1278 3506 ao
1302 3433 1358 3505 bii
1386 3435 1484 3507 llan-

417 3554 481 3626 rioi
496 3552 547 3649 (5)
571 3557 704 3630 nultum
726 3558 848 3630 multis
868 3559 906 3629 in
926 3558 1013 3630 loeis
1033 3557 1251 3630 babuerunt.
1269 3558 1343 3629 AEvi
1363 3565 1482 3630 autern

416 3679 630 3770 antiquioris
649 3681 885 3754 llaurioarnm
905 3681 1118 3774 religionum
1135 3689 1367 3755 monumenta
1384 3701 1482 3772 quae-

440 3957 1124 4030 mmmmmmmmpmmmm

447 4053 480 4115 (ἳ)
500 4053 527 4104 C.
543 4054 563 4103 l.
580 4055 615 4109 l..
631 4051 709 4114 VIII,
724 4052 795 4114 9906,
810 4053 881 4104 9907.

450 4141 484 4203 (a)
500 4143 527 4192 c.
543 4144 564 4192 r.
579 4144 615 4201 n,
632 4140 706 4205 vrn,
723 4142 870 4193 asor-sera.

448 4231 480 4294 (a
501 4233 528 4282 o.
545 4232 563 4280 r.
578 4234 615 4293 n,
632 4229 708 4291 vni,
725 4231 795 4282 aean.

447 4321 478 4382 (δ’
498 4321 525 4369 C.
541 4321 561 4368 l.
577 4321 614 4381 I„
630 4318 702 4379 VIII,
719 4319 863 4382 noel-telo,
880 4319 949 4379 9327.
966 4323 1038 4385 alea,
1052 4321 1121 4382 2669,
1137 4320 1210 4374 tell.
1312 4390 1315 4394 Δ
