3498 5324
893 598 929 608 ..
953 563 991 626 18
1011 596 1050 614 -

437 698 568 771 Contra
591 699 821 774 consentiunt
847 718 973 773 omnes
1001 700 1129 774 Juham
1159 702 1196 774 iu
1224 701 1331 775 domo
1351 703 1503 778 casaris

318 836 325 850 ·
436 831 621 915 exceptum
646 831 681 896 et
705 824 893 897 aduncatum
917 825 1066 917 perinde
1086 827 1177 898 acsi
1196 827 1357 917 eiusdem
1385 829 1501 922 gentis

435 955 471 1021 et
497 948 684 1041 sanguinis
711 949 850 1022 luisset.
879 951 965 1035 Qua
994 949 1138 1041 quidem
1166 951 1348 1025 dictatoris
1372 951 1501 1026 domus

437 1081 521 1148 tunc
546 1074 690 1166 optimis
714 1075 894 1167 magistris
920 1075 1077 1148 scatebat
1099 1100 1108 1146 ι
1131 1093 1238 1148 causa
1259 1077 1376 1151 Caesar
1395 1079 1498 1152 Octa-

435 1200 580 1285 cianus,
616 1201 707 1272 Juha
734 1221 783 1271 xu
808 1201 915 1272 aunis
944 1201 1075 1291 major,
1110 1201 1217 1275 modo
1250 1222 1269 1276 e
1298 1201 1500 1294 disciplinis

435 1327 572 1398 exieus.
603 1325 668 1397 Hic
699 1329 835 1418 regium
868 1325 1070 1399 adolescere
1098 1344 1248 1417 puerum
1276 1329 1386 1400 latum
1413 1327 1498 1400 helli

435 1471 550 1544 usque
578 1451 710 1544 coegit,
737 1452 935 1535 fortunata,
958 1451 1050 1524 dixit
1069 1451 1297 1536 Plutarchus,
1321 1459 1356 1525 et
1384 1451 1500 1525 iausta

435 1577 655 1668 captivitate,
678 1577 779 1668 cujus
803 1577 949 1668 gratiae
967 1575 1120 1647 harharo
1143 1578 1343 1650 Graecorum
1370 1576 1499 1650 doctis·

434 1703 547 1784 simus
568 1700 690 1774 evasit.
708 1700 762 1771 ihi
781 1701 891 1784 enim,
909 1708 949 1772 ut
968 1701 1243 1774 domesticorum
1264 1703 1498 1775 litteratorum

434 1845 518 1899 cura
541 1825 724 1909 educatur,
748 1826 800 1898 sic
824 1826 862 1897 in
886 1844 1061 1899 concursu
1085 1833 1121 1899 et
1140 1827 1407 1900 conversatione
1431 1827 1497 1898 ho·

434 1953 573 2023 minum
600 1951 763 2043 ingenio,
793 1952 986 2042 elegantia,
1018 1950 1197 2035 doctrina,
1226 1950 1499 2024 humanissimis

433 2077 593 2149 morihus
614 2083 648 2149 et
667 2076 870 2149 urbanitate
888 2078 1150 2167 prestantium,
1173 2083 1330 2150 mentem
1346 2077 1419 2168 iam
1435 2094 1498 2167 per

434 2222 472 2274 se
498 2203 671 2294 egregiam
699 2208 734 2274 et
759 2201 928 2273 informat
957 2209 991 2275 et
1023 2203 1228 2293 locupletat.
1256 2201 1354 2273 Nihil
1379 2206 1496 2272 autem

432 2327 529 2419 apud
555 2345 636 2398 eum
671 2319 809 2418 gratum
839 2327 951 2418 magis
978 2333 1013 2400 et
1037 2333 1219 2418 acceptum
1247 2326 1359 2400 luisse
1388 2343 1495 2418 quam

432 2453 637 2535 historiam,
657 2453 942 2543 grammaticam,
960 2459 994 2524 et
1014 2470 1132 2524 rerum
1153 2457 1292 2524 natura
1311 2449 1496 2522 scientiam

432 2597 539 2670 opera
565 2581 642 2669 ejus
666 2575 944 2650 demonstrant:
967 2577 1100 2669 quippe
1124 2577 1186 2666 qui
1210 2577 1263 2647 vir
1286 2574 1399 2647 iactus
1425 2575 1497 2646 elo·

431 2705 615 2796 qirentiam
636 2721 842 2793 nunquam,
864 2703 1001 2794 poesim
1022 2703 1143 2773 minus
1163 2700 1313 2793 egregie,
1335 2699 1405 2771 alia
1425 2698 1497 2772 iere

431 2827 553 2902 omnia
574 2826 721 2901 leliciter
739 2828 912 2900 tractarit.

476 2955 564 3027 Plus
584 2959 703 3026 autem
723 2953 765 3063 in
781 2970 941 3046 praeseus
959 2951 1091 3044 profuit
1110 2950 1303 3024 amicitiam
1319 2949 1389 3023 sihi
1409 2967 1493 3023 eon·

431 3081 571 3182 ciliasse
594 3079 776 3154 Octauiani
800 3077 1057 3169 condiscipuli,
1087 3095 1267 3150 summum
1291 3095 1417 3156 rerum¹
1436 3093 1493 3147 ar·

430 3208 578 3279 hitrium
610 3205 707 3278 haud
739 3204 851 3277 multo
883 3211 964 3296 post
996 3202 1168 3276 habituri.
1200 3203 1313 3290 Quam
1347 3219 1433 3274 sane
1463 3199 1495 3273 ei

431 3350 616 3422 nunquam
642 3329 800 3402 ‹ieiuisse
820 3328 1018 3422 apparehit.
1042 3329 1181 3400 interea
1200 3329 1321 3399 Roma
1340 3326 1492 3416 degens,

430 3455 581 3527 Caesaris
602 3455 706 3545 quasi
729 3454 796 3526 suh
824 3454 973 3534 umbra,
1003 3453 1110 3524 vitam
1139 3451 1300 3524 eamdem
1324 3448 1495 3522 hahuisse

430 3580 570 3652 ridetur
590 3598 697 3670 quam
714 3581 863 3669 iuvenes
879 3577 1131 3668 principalium
1152 3577 1190 3647 in
1211 3594 1247 3648 re
1266 3574 1410 3666 puhlica
1428 3571 1493 3644 do·

430 3725 553 3777 muum
577 3730 585 3776 ι
606 3706 656 3776 ita
674 3712 713 3776 ut
732 3703 856 3776 eadem
880 3708 983 3775 aetate
1009 3721 1080 3792 qua
1106 3701 1188 3772 illos
1212 3697 1392 3790 stipendia
1418 3715 1493 3770 me·

430 3830 499 3902 reri
519 3849 607 3901 usus
627 3835 662 3901 et
681 3830 775 3920 leges
791 3826 987 3918 juhehant,
1007 3832 1041 3896 et
1058 3825 1136 3916 ipse
1154 3824 1221 3897 suh
1241 3821 1353 3914 signis
1372 3819 1501 3894 luerit.v

429 3956 505 4040 Quo
533 3952 649 4026 cilicio
676 3972 747 4045 quo
775 3949 921 4025 nomine
944 3949 982 4021 in
1010 3949 1151 4021 Actiaco
1177 3947 1273 4020 hello
1299 3943 1491 4031 meruerit,

426 4262 535 4311 adnotat
553 4257 680 4318 Serinus,
696 4271 844 4322 quanquam
864 4262 890 4307 et
910 4255 1050 4305 utilissima
1073 4254 1189 4306 tradidit.
1215 4253 1255 4306 Ol.
1271 4253 1372 4312 hluell„
1388 4255 1490 4315 Frcgm.

428 4350 451 4398 lt.
467 4363 516 4412 gr..
533 4346 583 4408 lll,
599 4363 626 4411 p.
643 4345 698 4403 lot,
713 4361 740 4396 n.
756 4347 780 4396 2.
