3490 5318
694 589 875 653 -145-

248 727 294 802 ab
313 747 354 802 co
378 735 526 802 tractata
545 728 698 800 multum
724 731 857 802 Mauris
883 728 1053 820 prodesse
1073 735 1255 820 poterant;
1278 736 1313 803 et

249 854 279 926 si
300 855 345 926 ab
369 854 421 926 eis
449 854 518 944 legi
545 854 757 945 cupivisset,
787 873 860 926 non
883 873 995 946 graeca
1013 852 1154 927 fecisset
1173 854 1309 946 lingua.

249 979 368 1051 Graece
386 978 482 1050 enim
503 977 743 1067 loquebantur
769 979 969 1070 complures
997 978 1035 1048 iu
1063 977 1177 1049 Atrion
1196 977 1312 1050 homi-

249 1121 334 1184 nes,
356 1102 460 1173 multi
486 1120 631 1192 quoque
656 1102 694 1173 iu
713 1102 901 1185 Numidia;
924 1101 1030 1173 etiam
1051 1119 1167 1174 sermo
1188 1103 1219 1175 is
1239 1109 1314 1175 erat

248 1227 406 1317 plurium
445 1227 706 1298 maritimarum
748 1227 891 1300 urbium
932 1227 1065 1318 quibus
1103 1233 1164 1299 aut
1200 1246 1313 1319 graeca

248 1350 347 1442 origo
366 1356 428 1422 aut
454 1367 532 1422 cum
561 1350 694 1422 Graeoia
720 1350 913 1441 Siciliaque
933 1349 1181 1441 quotidianum
1214 1338 1309 1423 com-

249 1475 443 1556 mercium;
472 1473 627 1545 maxime
656 1474 792 1566 Syrtica
824 1475 991 1565 Emporia
1025 1475 1138 1546 tribus
1173 1494 1313 1566 semper

251 1597 494 1682 maluerant,
513 1598 642 1689 punico
662 1598 775 1670 latino
790 1617 922 1690 graeco,
947 1616 1064 1687 neque
1088 1597 1202 1670 tribus
1221 1617 1312 1670 sem·

248 1741 311 1814 per
340 1724 391 1795 uti
426 1723 576 1814 imperio
605 1723 757 1795 durante
791 1722 976 1794 desierunt
1006 1720 1077 1816 (t);
1111 1722 1174 1795 sed
1202 1723 1313 1814 Reges

250 1847 387 1918 nummi
407 1845 604 1922 ostendunt
627 1853 688 1918 aut
712 1847 843 1938 punico
868 1853 931 1918 aut
953 1848 1065 1918 latino
1089 1847 1126 1918 iu
1145 1847 1313 1920 Numidia

249 1987 334 2042 usos
365 1969 499 2050 luisse,
529 1971 643 2043 multo
676 1972 788 2063 magis
821 1973 858 2043 lu
886 1972 1117 2045 Mauretania.
1145 1972 1233 2044 Nam
1262 1972 1313 2043 ibi

248 2093 401 2184 punicus
424 2112 541 2167 sermo
563 2094 609 2167 ab
629 2095 799 2168 omnibus
818 2095 1097 2186 intelligebatur,
1114 2096 1221 2168 modo
1239 2115 1312 2167 non

129 2233 132 2240 ’
250 2219 372 2291 rustici
391 2227 535 2301 esseut;
565 2222 699 2293 latinus
719 2222 756 2292 ln
778 2220 885 2292 urbes
906 2217 1041 2310 ubique
1056 2220 1131 2311 jam
1151 2228 1314 2311 penetra-

249 2348 366 2425 verat,
393 2361 511 2436 neque
536 2345 607 2416 aliu
632 2346 755 2437 lingua
781 2352 857 2417 erat
882 2346 919 2416 in
949 2343 1099 2417 coloniis
1126 2344 1312 2429 romanis;

249 2483 361 2559 graeca
385 2475 503 2541 autern
529 2489 710 2560 nusquam
738 2469 953 2552 utebantur,
976 2475 1011 2541 et
1031 2488 1073 2540 err
1094 2469 1187 2560 typis
1206 2488 1312 2541 unm·

248 2595 318 2665 mis
338 2593 534 2684 Cleopatra
553 2594 688 2666 incusis
708 2600 881 2686 apparent
902 2594 971 2684 ipsi
996 2592 1169 2665 incisores
1188 2611 1314 2684 parum

249 2719 326 2810 ejus
341 2719 599 2791 elementorum
614 2720 714 2810 gnari
736 2716 800 2812 (i).
820 2718 976 2790 Orientis
992 2724 1027 2789 et
1044 2718 1175 2809 linguae
1194 2735 1316 2808 graecae

249 2843 442 2934 Cyrenaica
458 2841 586 2914 ultima
605 2843 721 2934 regio,
744 2842 932 2914 Philaenon
951 2861 1012 2914 ara
1037 2841 1122 2912 linis
1143 2840 1221 2912 luit.
1246 2841 1316 2913 Sed
1393 2919 1397 2928 ,

248 2965 383 3056 ubique
401 2964 498 3056 apud
522 2965 697 3039 litteratos
720 2973 782 3038 aut
805 2965 1030 3038 humanioris
1054 2965 1202 3038 culturae
1221 2966 1315 3037 viros

249 3108 383 3183 graecus
401 3109 517 3164 sermo
535 3090 573 3163 in
590 3092 727 3164 honore
746 3097 823 3162 erat
839 3115 848 3162 ε
866 3090 924 3162 his
942 3091 1086 3182 scripsit
1102 3108 1164 3162 ror
1183 3089 1317 3162 atticis·

249 3217 384 3298 simus,
410 3221 446 3287 et
469 3235 597 3308 pamm
617 3233 761 3288 curasse
787 3214 928 3287 ridetur
954 3221 1074 3286 utrum
1105 3213 1250 3286 Barbari
1274 3232 1317 3312 err

130 3431 132 3436 Ι
249 3339 437 3432 Tingitana
456 3339 564 3434 φθορὰν
583 3336 691 3418 λέξεως
708 3345 916 3431 paterentur
934 3357 1069 3410 annon.

297 3465 423 3537 Nescio
439 3483 526 3536 num
545 3465 623 3556 ipse
643 3463 841 3554 quidquam
860 3463 905 3536 ad
920 3483 982 3536 eos
997 3464 1212 3536 excolendos
1230 3463 1318 3536 lece·

251 3589 309 3672 rit,
325 3608 407 3660 narn
421 3590 541 3660 minus
556 3587 649 3661 hene
665 3589 832 3661 novimus
847 3589 989 3679 qualem
1009 3588 1182 3681 regnandi
1200 3595 1321 3661 tonue-

251 3713 297 3787 rit
316 3714 504 3786 rationem.
526 3716 603 3785 lam
624 3713 747 3804 aliqua
766 3713 811 3786 de
826 3714 894 3786 hac
913 3732 951 3786 re
970 3713 1151 3806 praemisi,
1173 3721 1208 3786 et
1227 3712 1319 3784 mihi

250 3855 377 3928 pamm
407 3838 546 3911 ridetur
571 3839 666 3910 ultra
691 3838 894 3930 exemplum
924 3837 1082 3910 dedisse.
1111 3838 1214 3923 Quod
1240 3838 1319 3927 qni·

251 3960 346 4046 dem,
357 3969 496 4034 naturae
511 3981 587 4035 suae
603 3962 801 4054 magnilicae
811 3962 898 4036 dum
914 3961 1090 4054 indulget,
1107 3962 1316 4053 preclarum

281 4271 316 4333 (l)
333 4269 404 4334 llpa't.
420 4269 451 4320 de
466 4271 536 4321 Ges..
552 4272 620 4333 Sept.
637 4270 703 4326 Sec„
720 4265 783 4333 XX,
798 4271 823 4320 8.

282 4357 316 4421 (Ἰ)
334 4356 419 4417 ndu..
434 4361 510 4408 Num.
527 4357 628 4424 Suppl„
645 4375 671 4422 p.
686 4359 726 4408 75.

413 4466 443 4509 B·
