3498 5324
719 655 757 670 ....
780 622 816 684 29
839 656 877 668 ...

267 781 340 836 reru
369 763 517 848 vallem,
545 781 624 834 curn
652 761 781 834 Srnittu
810 767 845 831 et
866 759 968 830 Bulla
995 759 1101 848 Regia
1131 755 1195 852 (l).
1226 757 1332 830 Extra

268 906 357 978 quas
380 888 442 977 qui
463 888 595 958 lineam
614 886 652 956 in
672 904 802 976 mappa
823 883 1002 976 posuerit,
1024 882 1174 954 limitent
1200 881 1331 954 lubani

266 1013 366 1102 regni
386 1011 507 1102 procnl
527 1010 637 1084 dubio
664 1010 829 1093 babebit,
853 1026 964 1100 quum
992 1007 1113 1079 ornnia
1136 1007 1231 1078 intra
1254 1025 1331 1080 earn

266 1135 313 1208 etl
332 1136 618 1226 Septentrionem
636 1142 698 1207 aut
713 1135 893 1208 Orientem
909 1134 991 1216 sita,
1008 1150 1072 1204 seu
1091 1133 1192 1222 prius
1210 1131 1332 1205 Nunti-

268 1260 394 1333 darum
415 1279 478 1333 seu
502 1259 849 1351 Carthaginiensium
870 1258 1014 1342 tuerint,
1032 1275 1129 1330 nuno
1143 1257 1334 1347 provinoiae

268 1382 1146 1475 romanapartesremaneantrinisvcrotubanae
1155 1381 1333 1453 Numidiae

267 1508 330 1580 nbi
350 1509 531 1581 Orientem
551 1527 675 1581 versus
687 1499 827 1594 luerit,
849 1507 1007 1599 produnt
1028 1507 1104 1578 loca
1124 1506 1186 1578 ubi
1206 1506 1333 1596 primis

268 1633 414 1723 imperii
426 1635 647 1725 temporibus
663 1631 856 1706 considunt
868 1633 1014 1715 milites,
1027 1638 1061 1704 et
1077 1652 1098 1704 a
1111 1631 1332 1703 Diocletiano

270 1758 374 1829 limas
383 1758 476 1830 inter
489 1757 904 1848 provinciasNurnidient
914 1764 949 1828 et
960 1756 1112 1828 Africam
1132 1773 1331 1846 proconsu-

269 1883 385 1954 laronr-
400 1882 556 1972 positus.
580 1883 667 1967 Quae
682 1882 853 1972 qnoniam
874 1882 1008 1972 optime
1022 1899 1043 1952 a
1058 1881 1278 1954 Mommseno
1300 1886 1334 1951 et

271 2003 1335 2096 WilrnannsioinO.I.L.,Vlll,p.xv,perstationumvoca·

270 2133 356 2204 bula
375 2139 410 2204 et
427 2132 633 2206 testimonia
646 2138 803 2203 veterum
817 2130 1013 2204 dilucidata
1032 2135 1128 2211 sunt,
1147 2148 1219 2201 non
1237 2147 1336 2220 repe·

271 2263 364 2340 tarn,
385 2255 582 2346 praesertim
603 2274 714 2346 quum
739 2254 904 2328 hodierni
930 2253 1022 2326 lines
1043 2253 1137 2326 inter
1158 2252 1335 2344 argonam

270 2379 507 2452 ot-runtsicn
535 2379 682 2453 ornnino
708 2379 819 2451 iidem
847 2385 986 2456 exstent
1006 2384 1040 2450 et
1063 2397 1084 2448 a
1110 2378 1210 2448 nullo
1230 2377 1332 2468 igno·

270 2510 406 2576 rentur.

320 2627 576 2718 Repnmigitur
592 2625 856 2700 Heraclidaruur
873 2627 1018 2699 soboles
1033 2625 1072 2696 in
1091 2625 1212 2698 sedeur
1231 2625 1335 2717 origi·

270 2753 327 2824 nis
337 2770 425 2832 sura,
439 2751 676 2841 Massylornn
686 2750 819 2824 scilicet
829 2748 1153 2841 regnumtredibat,
1166 2751 1242 2839 ejus
1254 2767 1335 2822 vero

270 2882 465 2948 coarctetos
485 2875 726 2949 lineolarum
750 2892 827 2946 non
847 2881 1128 2964 transgressore.
1150 2875 1237 2960 Quae
1255 2891 1333 2945 ver·

271 3017 332 3072 sus
354 2999 579 3070 Occidentem
604 3016 729 3074 omnes
749 2998 973 3088 Massasylos
1001 2997 1202 3070 Mulucham
1230 3004 1335 3069 tenus

271 3122 523 3203 suoatoconat,
543 3122 697 3211 primurn
719 3120 900 3210 usquead
921 3121 1097 3194 Nasauatb
1117 3118 1200 3192 dein
1220 3138 1336 3211 usque

269 3246 729 3338 atlbmpsagamtanrnosse
744 3245 1198 3336 reciperetlebnerat.Quao
1213 3262 1335 3319 versus

265 3369 450 3444 Orientem
485 3388 602 3461 usqne
635 3387 747 3461 prope
778 3369 826 3442 ad
858 3370 976 3461 ipsunt
1012 3368 1236 3461 Carthaginis
1271 3387 1332 3443 su·

269 3493 439 3566 burbiunt
463 3501 689 3586 regnaverat,
715 3495 862 3586 adiectis
885 3494 1033 3588 insuper
1053 3493 1203 3588 imperio
1225 3494 1335 3587 Syrti·
1394 3475 1396 3478 ⁵

268 3619 337 3691 bus
357 3626 393 3691 et
409 3619 529 3712 bibyae
552 3619 842 3710 maximopere,
864 3637 978 3704 nune,
1000 3619 1170 3712 gliscente
1190 3621 1332 3711 provin·

269 3743 383 3816 cia'a
426 3747 538 3817 lrrsca
582 3763 697 3836 usque
740 3744 786 3818 ad
830 3745 969 3826 Uburn,
1010 3744 1178 3836 bagradae
1221 3744 1332 3827 valle,

269 3868 460 3959 Emporiis,
480 3875 516 3942 et
534 3868 756 3942 tenuissima
773 3868 893 3960 Libuae
907 3868 1057 3960 planitie
1071 3866 1233 3951 arnissis,
1252 3866 1336 3940 binc

270 4011 295 4062 o
307 3991 407 4066 illinc
431 3993 679 4082 poulo-ninus
699 4011 748 4065 nr.
770 4011 807 4083 p.
827 3990 1048 4067 retrocedere
1066 3989 1278 4082 cogebatur,
1302 3996 1336 4063 at

300 4271 334 4338 (lt
347 4269 375 4324 C.
390 4265 550 4333 l.t.,v111,
567 4277 619 4326 tab.
635 4287 662 4324 u.

302 4363 447 4414 nocentiora
461 4365 571 4412 nominc
585 4378 594 4410 .·
609 4362 644 4411 La
658 4359 804 4440 Seybouso.
