3490 5318
874 608 1052 670 -rle-

478 752 563 822 ltem
591 775 605 812 c
625 747 668 818 dc
687 746 774 816 Arte
794 744 957 818 Pr'ctorr'a
976 751 1007 814 et
1026 743 1068 813 de
1084 742 1285 814 Pr'ctorr'dos
1298 761 1493 833 eorumque

429 875 598 966 operibus
622 869 668 965 (l)
689 926 696 954 ‚
719 872 864 955 mulne,
886 870 936 942 ait
956 870 994 940 C.
1017 869 1207 942 Muellerus
1237 867 1309 962 (t),
1332 865 1495 960 exposuit

428 997 694 1078 voluminibus,
720 1015 764 1067 ex
791 996 924 1086 quibus
944 995 1036 1066 nihil
1056 994 1127 1065 nisi
1148 994 1219 1065 duo
1244 992 1288 1066 dc
1307 991 1493 1064 Parrhasio

429 1130 464 1195 ct
480 1122 674 1212 Polygnoto
688 1120 883 1212 fragmenta
898 1119 1150 1210 perdurarunt.
1165 1121 1329 1191 Fortasse
1344 1118 1495 1210 descrip·
1550 1175 1556 1182 .

430 1246 479 1318 tio
499 1245 718 1335 picturarum
736 1244 867 1333 quibos
885 1244 1100 1336 Polygnotus
1116 1243 1249 1331 aliique
1264 1249 1496 1314 monumenta

432 1369 653 1440 Athenarum
674 1374 887 1438 ornaverant
905 1368 943 1438 in
964 1385 1070 1437 cansa
1090 1366 1156 1438 luit
1175 1383 1236 1436 cor
1252 1367 1405 1438 amicum
1427 1367 1495 1438 hu·

430 1493 523 1583 gusti
540 1492 679 1563 civitate
695 1491 903 1563 donandum
921 1497 1109 1580 statuaque
1125 1491 1375 1563 honorandum
1394 1497 1495 1582 puta·

332 1605 336 1616 ’
432 1616 546 1688 verint
564 1615 853 1689 Athenienses»

482 1743 532 1811 Ex
552 1740 721 1811 omnibus
741 1739 787 1810 iis
807 1738 976 1831 operibus
997 1739 1198 1830 multa-jam
1224 1741 1269 1811 ad
1294 1740 1494 1831 grammati-

432 1883 508 1938 cam
528 1864 756 1946 accedebant,
777 1882 887 1953 quum
906 1863 1034 1954 partim
1056 1882 1098 1936 er
1119 1864 1305 1935 verborum
1322 1864 1496 1937 delinitio·

432 1992 541 2064 nibus
558 1999 592 2064 et
607 1991 783 2082 ejusmodi
800 1991 907 2062 rebus
923 1997 1139 2073 constarent,
1155 1991 1353 2081 praesertim
1373 1986 1496 2084 ‘opaco‘-

434 2143 539 2194 τητες.
573 2115 727 2188 Omnino
760 2121 878 2185 antem
912 2116 1179 2204 grammaticum
1214 2121 1288 2186 crat
1319 2115 1411 2187 illud
1441 2115 1495 2187 cui

433 2241 560 2312 titulus
580 2239 647 2310 luit
666 2241 750 2332 Περὶ
775 2241 901 2330 φθορᾶς
927 2233 1068 2317 λέξεως.
1092 2240 1141 2308 Ex
1167 2240 1289 2328 paucis
1313 2246 1498 2330 quaesunt

434 2363 590 2454 vestigiis
620 2360 690 2456 (5),
713 2362 825 2433 inisse
844 2362 984 2434 videtur
1010 2362 1168 2434 collectio
1192 2362 1399 2435 vitiosarum
1420 2364 1494 2436 dic-

433 2489 571 2561 tionum
594 2505 673 2557 cnm
694 2486 816 2577 probis
836 2487 1058 2568 collatarum,
1077 2492 1111 2557 et
1127 2484 1289 2558 delinitio
1309 2489 1497 2560 verberum

434 2630 477 2684 ex
498 2611 725 2683 sermonibus
748 2610 911 2682 barbaris
931 2611 1023 2682 male
1043 2611 1080 2680 in
1102 2629 1252 2701 graecum
1273 2612 1497 2684 intromisso·

434 2755 527 2807 rnm.
561 2735 631 2807 Scd
664 2735 766 2806 molti
800 2733 929 2805 labani
961 2734 1027 2805 loci
1061 2734 1105 2805 ab
1134 2735 1338 2808 auctoribus
1369 2738 1497 2809 serrati

434 2861 525 2934 nihil
544 2859 643 2932 alind
659 2866 744 2931 sont
759 2877 866 2949 qoam
883 2858 1112 2930 delinitiones
1127 2859 1172 2929 ad
1192 2861 1375 2951 proprium
1391 2880 1496 2934 nsum

433 3004 455 3056 a
474 2983 733 3074 leucographis
753 2982 1040 3065 accommodatae,
1060 3002 1177 3074 neque
1198 2984 1316 3055 forsan
1337 2984 1496 3075 ejusdem

433 3107 556 3180 formae
576 3114 677 3179 erant
696 3108 732 3177 in
755 3107 845 3178 libro
867 3107 961 3177 unde
981 3108 1114 3197 sumpti
1136 3115 1220 3179 sunt
1243 3133 1251 3177 :
1274 3127 1345 3197 quo
1371 3108 1411 3179 tit
1435 3116 1494 3193 ut,

434 3231 612 3321 praecipue
632 3230 668 3300 in
684 3231 752 3302 isto
772 3236 806 3301 et
825 3229 906 3300 aliis
925 3229 1084 3319 eiusdem
1105 3232 1257 3320 generis,
1276 3231 1423 3302 omnino
1444 3251 1497 3302 ra·

434 3353 567 3424 tionem
585 3353 702 3443 operis
723 3354 878 3444 reperire
898 3371 971 3425 non
990 3354 1185 3445 possimus.

486 3475 540 3548 hd
560 3476 744 3548 historiam
766 3477 963 3548 naturalem
982 3479 1055 3567 jam
1076 3477 1147 3549 duo
1163 3481 1349 3551 memorati
1370 3479 1495 3561 libelli,

436 3600 517 3671 licet
536 3600 579 3671 ad
597 3600 810 3672 medicinam
833 3602 943 3691 magis
961 3602 1110 3674 forsitan
1132 3609 1304 3693 spectent.
1322 3605 1499 3694 pertinere

436 3725 542 3796 etiam
559 3724 735 3796 videntur.
753 3721 910 3798 Sederat
925 3734 958 3797 et
973 3726 1071 3797 alind
1088 3746 1191 3818 opus,
1208 3729 1308 3817 cujus
1324 3746 1500 3819 perpauca

437 3845 1497 3952 novimus(dhooacltpovinscriptumnomine‚qnodetiam

470 4102 502 4164 (lt
521 4099 624 4167 Fragm.
640 4100 728 4152 70-72.

468 4189 502 4253 (2)
519 4190 550 4240 P.
566 4190 619 4244 468.

468 4278 502 4340 (3)
518 4277 621 4342 Fragm.
637 4279 722 4332 alt-88.

471 4367 504 4430 (l)
523 4367 624 4432 Fragm.
639 4369 725 4422 ‹ts-69.
