3490 5318
885 561 1045 623 ..94-

435 698 578 772 initium
606 699 705 791 regni
734 716 873 783 revera,
900 717 974 771 non
1005 698 1121 771 solum
1151 697 1356 770 nominent
1375 703 1496 781 antea,

434 824 590 914 suseepti
615 823 717 896 foret.
747 824 818 896 ista
842 830 960 896 autem
986 825 1181 915 Cleopatra
1204 823 1243 894 in
1271 821 1498 895 Mauretania

433 947 593 1020 nummis
612 949 804 1039 praesentia
824 947 930 1020 etiam
951 948 1231 1039 disputationem
1252 947 1374 1019 movit.

482 1074 623 1145 Etenim
639 1072 725 1144 dum
735 1072 939 1164 frequenter
956 1073 1211 1164 imperatorum
1225 1090 1355 1146 uxores
1368 1077 1498 1143 matres

433 1197 527 1270 filias
546 1199 585 1269 in
604 1199 764 1270 nummis
783 1199 908 1290 populi
928 1197 1067 1270 romani
1086 1197 1311 1279 invenimus,
1333 1196 1431 1292 haud
1450 1196 1499 1268 ita

432 1342 489 1396 res
506 1323 668 1396 sehabet
687 1324 830 1415 regibus
846 1324 970 1415 populi
988 1323 1126 1395 romani
1145 1322 1266 1395 sociis,
1285 1323 1420 1395 Uxores
1436 1322 1499 1393 sui·

431 1449 513 1522 lieet
527 1468 650 1521 eorum
665 1466 852 1542 nunquam
869 1449 906 1519 in
923 1448 1081 1520 nummis
1098 1449 1338 1539 reperiuntur,
1357 1445 1498 1519 duabus

431 1578 570 1645 tantum
591 1573 746 1665 exceptis
766 1572 967 1664 Tryphaena
987 1571 1191 1644 Polemonis
1212 1577 1247 1644 et
1267 1568 1498 1663 Gepaepyride

431 1697 660 1780 Mithridatis,
677 1714 830 1787 quorum
846 1696 935 1768 aiter
949 1695 1053 1768 Ponti
1069 1697 1159 1769 alter
1175 1695 1324 1787 Bospori
1341 1713 1403 1768 rex
1416 1693 1495 1767 init.

431 1821 642 1914 Tryphaena,
659 1822 760 1913 oujus
772 1821 947 1894 rarissimi
959 1823 1099 1894 nummi
1112 1829 1210 1902 sunt,
1225 1839 1412 1912 nunquam
1425 1818 1496 1892 nisi
1511 1912 1516 1922 ¹

430 1963 511 2017 oum
538 1945 665 2018 marito
695 1944 891 2036 effingitur,
923 1947 1241 2037 Mommsenusque
1273 1945 1497 2037 privilegium

431 2069 612 2159 quoddam
638 2069 683 2141 ad
708 2069 866 2160 idipsum
889 2088 1011 2161 araga
1029 2088 1072 2141 ex
1092 2069 1332 2161 Pythodoride
1351 2066 1497 2141 Antonii

430 2199 625 2284 pronepote
643 2194 874 2284 impetratum
890 2211 969 2266 esse
989 2193 1200 2265 hariolator.
1219 2193 1362 2266 Licebat
1381 2192 1494 2284 impe·

253 2353 255 2358 ,
374 2357 376 2361 ,
429 2317 608 2390 ratorihus
620 2319 671 2389 uti
683 2318 951 2392 vellentoudere
962 2337 1143 2401 nummos,
1162 2319 1300 2390 nonita
1316 2318 1496 2409 rororegi·

428 2440 511 2522 hus,
528 2442 661 2531 quihus
677 2419 810 2514 foedere
825 2443 904 2535 ipso
921 2443 1018 2534 quod
1029 2443 1133 2534 quasi
1149 2443 1303 2515 formula
1313 2443 1413 2535 regni
1423 2448 1510 2514 erat·

425 2565 507 2656 jura
531 2567 653 2637 omnia
676 2566 967 2650 definiebantur,
994 2586 1112 2658 neque
1136 2586 1263 2639 aurum
1288 2567 1375 2639 flare
1393 2567 1497 2639 ferire

429 2689 595 2780 ouiquam
616 2690 687 2763 nisi
707 2689 777 2781 ipsi
806 2691 962 2782 Prinoipi
989 2709 1197 2763 conoessum
1226 2670 1387 2783 unquam
1413 2691 1493 2764 fuit.

415 2815 538 2886 ‘Porro
568 2833 690 2906 regum
711 2832 860 2898 uxores,
888 2816 993 2907 regiae
1012 2819 1199 2907 potestatis
1226 2822 1410 2908 expertes,
1432 2834 1493 2889 ou·

428 2937 512 3011 dere
532 2951 700 3011 nummos
720 2957 792 3010 non
813 2946 994 3030 poterant,
1015 2947 1050 3012 et
1069 2959 1183 3034 reges,
1199 2958 1273 3012 non
1293 2941 1494 3014 absolutam

427 3071 468 3137 ut
481 3065 714 3156 imperatores
735 3065 960 3138 Ptolemaeire
982 3067 1123 3157 antiqui
1150 3067 1323 3139 hahentes
1343 3065 1495 3139 auotori-

428 3194 554 3273 tatem‚
577 3208 637 3262 eas
660 3189 698 3260 in
725 3195 862 3281 partem
889 3192 986 3282 regni
1012 3197 1074 3264 aut
1097 3209 1327 3262 nummorum
1356 3208 1497 3283 consor·

427 3314 517 3384 tium
537 3315 681 3404 proprio
701 3315 848 3387 arhitrio
868 3335 992 3390 vocare
1011 3299 1224 3408 nequibant.
1251 3316 1315 3388 His
1334 3315 1495 3408 pramis·

429 3435 479 3508 sis
499 3436 701 3509 rationibus
721 3439 964 3512 Mommsenus
986 3442 1195 3534 Tryphaenae
1214 3449 1249 3514 ot
1270 3440 1493 3533 Gepaepyridi

427 3559 653 3651 privilegium
681 3562 863 3652 quoddam
891 3564 1003 3638 tuisse
1030 3565 1224 3637 contendit.
1249 3567 1428 3653 Quantum
1448 3563 1494 3636 ad

429 3685 640 3778 Gepaepyrin
652 3687 846 3777 pertinent,
861 3690 950 3761 mihi
972 3690 1117 3782 quidem
1130 3690 1259 3762 inutile
1269 3689 1493 3782 privilegium

364 3886 366 3888 ,
426 3808 538 3892 fuisse
558 3809 698 3883 videtur
720 3835 728 3882 :
749 3829 849 3902 reges
871 3815 968 3885 enim
996 3815 1191 3905 Bosporani
1218 3815 1403 3897 absoluto,
1426 3813 1493 3886 suli

426 3951 470 4007 ex
489 3940 542 4006 tot
552 3935 703 4026 regibus
724 3936 844 4021 sociis
866 3939 1020 4011 cudendi
1040 3957 1208 4011 nummos
1226 3941 1306 4030 jure
1326 3939 1492 4011 frueban-

426 4066 497 4144 tur,
519 4067 559 4132 ut
577 4067 753 4134 testantur
768 4063 867 4134 aurei
882 4082 1005 4135 eorum
1024 4063 1242 4155 trequentes
1264 4063 1367 4151 Quod
1386 4063 1492 4136 etiam

425 4202 547 4277 regum
568 4187 797 4261 Mauretaniae
814 4188 926 4286 tuisse
941 4190 1043 4262 iaoile
1061 4190 1235 4274 crederes
1248 4209 1357 4263 aureo
1377 4189 1492 4262 Ptolo·

423 4309 504 4382 maai
518 4309 620 4382 Juhae
634 4310 700 4411 titii
715 4329 829 4403 nuper
844 4319 884 4386 ut
899 4333 1009 4405 supra
1024 4314 1100 4396 uiri
1118 4322 1273 4407 reperto,
1290 4314 1363 4387 nisi
1380 4331 1487 4386 ausus
