3490 5318
916 562 1093 625 -132-

472 704 560 794 quid
578 703 664 775 honi
683 721 724 775 ex
741 701 917 774 immenso
934 707 986 774 131
1003 701 1091 780 Livii
1108 700 1330 773 voluminum
1348 699 1532 790 nauhagio

470 829 509 899 13
528 827 625 899 13333
644 832 785 916 portum
806 825 974 899 enatavit.

520 951 607 1038 Quis
623 955 740 1022 autem
758 956 933 1039 quantum
947 949 1048 1023 lubae
1062 948 1256 1022 debeamus
1272 968 1293 1022 a
1308 949 1432 1022 ceteris
1447 966 1533 1039 pree·

469 1083 523 1149 ter
548 1074 775 1147 Plutarchum
802 1091 970 1163 expresso
996 1073 1183 1164 exquirere
1202 1077 1237 1146 et
1255 1073 1373 1145 dicere
1391 1070 1532 1163 potest?

471 1201 574 1271 Hunc
598 1199 693 1270 enim
726 1216 838 1269 unum
869 1197 1003 1288 placuit
1028 1198 1067 1269 in
1096 1197 1300 1288 exemplum
1332 1196 1529 1276 adducere,

470 1325 556 1416 quia
575 1324 703 1397 melius
722 1320 818 1414 apud
838 1340 919 1397 eum
939 1321 1145 1413 indagatum
1165 1327 1199 1393 et
1218 1321 1356 1394 felicius
1376 1327 1443 1394 est.
1463 1319 1531 1393 Sed

471 1451 553 1540 quis
573 1448 714 1521 dubitat
732 1447 844 1530 alios,
870 1464 1002 1538 graecos
1022 1445 1221 1537 prasertim
1246 1445 1424 1536 sequioris
1442 1445 1529 1530 aeri,

470 1572 581 1645 simili
601 1572 738 1644 ratione
753 1569 893 1663 egisse?
908 1571 1001 1643 Satis
1021 1571 1068 1642 sit
1087 1570 1146 1641 hic
1164 1588 1360 1643 memorare
1377 1569 1530 1643 indicem

470 1697 566 1789 apud
593 1696 773 1788 Plaggium
804 1697 1016 1787 scriptorum
1037 1693 1099 1786 qui
1125 1695 1226 1766 luhae
1251 1696 1447 1786 fragmenta
1471 1701 1530 1766 331

470 1818 515 1892 de
534 1838 575 1891 eo
594 1817 800 1891 testimonia
818 1818 949 1891 diserte
975 1815 1199 1908 prodiderint
1223 1817 1269 1889 ad
1290 1837 1385 1891 3333
1403 1834 1527 1889 ascen-

470 1942 573 2027 dere,
597 1961 702 2033 quem
723 1941 804 2013 ideo
823 1940 1027 2014 ahsolutum
1052 1941 1201 2012 minime
1223 1948 1343 2013 tamen
1362 1939 1526 2012 arbitror.

470 2067 561 2139 Sunt
571 2073 690 2138 aulem
703 2066 818 2157 primo
833 2065 910 2138 loco
926 2065 1063 2137 Plinius
1080 2066 1257 2157 losephus
1267 2063 1394 2138 Strabo
1411 2066 1529 2162 Sueto

470 2190 553 2262 nius
583 2190 648 2262 Dio
674 2189 820 2262 Solinus
852 2189 977 2262 Pollux
1004 2189 1197 2262 Athenaeus
1225 2171 1423 2280 Hesychius
1444 2189 1530 2262 Phe·

468 2314 540 2386 tius
560 2321 594 2386 et
614 2314 822 2408 Scholiasta
839 2314 1009 2405 anonymi
1029 2315 1171 2405 plureS,
1195 2331 1347 2405 quorum
1367 2313 1529 2404 plerique

469 2437 685 2509 studuerunt
705 2437 814 2529 huius
837 2437 946 2510 lentis
968 2436 1140 2508 uberrimi
1162 2436 1209 2510 ad
1233 2455 1271 2509 se
1294 2437 1423 2509 lluctus
1441 2436 1529 2509 deri·

467 2581 561 2636 vare.
585 2563 655 2637 Sed
677 2563 798 2637 omnia
824 2581 904 2653 qum
927 2562 1024 2654 apud
1049 2579 1110 2634 eos
1134 2580 1154 2634 e
1175 2561 1267 2652 luha
1290 2562 1526 2654 proveniunt,

467 2688 572 2780 longe
591 2688 693 2770 abest
712 2687 802 2778 quin
822 2687 990 2760 sciamus.
1023 2685 1103 2758 Diri
1128 2686 1224 2758 enim
1251 2686 1295 2758 de
1319 2687 1365 2757 iis
1383 2703 1465 2776 quae
1484 2684 1528 2756 ad

467 2815 581 2886 solam
599 2812 785 2885 historiam
807 2818 980 2904 spectant,
1001 2829 1067 2883 nec
1085 2811 1206 2882 omnia
1223 2809 1368 2900 quidem
1386 2811 1450 2882 illa
1469 2808 1527 2882 de·

467 2946 631 3012 texerunt
649 2937 886 3020 recentiores;
905 2935 1211 3009 verumenimvero
1231 2934 1442 3006 innaturali
1460 2933 1529 3008 his·

467 3064 557 3136 toria
583 3062 812 3156 grammatica
847 3060 1061 3152 geographia
1092 3061 1290 3148 celerisque
1327 3056 1527 3148 disciplinis

466 3209 557 3282 quas
583 3188 679 3281 apud
705 3193 840 3260 veteres
864 3165 1043 3265 novimus,
1067 3202 1147 3273 quae
1171 3202 1254 3274 pars
1273 3182 1373 3253 lubae
1391 3181 1525 3252 adseri·

464 3313 584 3388 benda
610 3314 657 3386 sit
686 3311 834 3383 minime
860 3297 978 3380 adhuc
1007 3308 1176 3380 cernitur.
1213 3309 1312 3379 Patet
1335 3307 1431 3378 enim
1459 3307 1527 3376 late

465 3451 611 3528 campus
630 3435 849 3507 luhanerum
872 3431 1130 3524 quaestionum,
1152 3448 1270 3520 neque
1290 3429 1419 3502 fectum
1440 3428 1526 3500 satis

465 3563 532 3636 erit
551 3561 762 3652 priusquam
785 3558 867 3628 illas
885 3555 1091 3646 provincias
1110 3552 1234 3626 eadem
1255 3553 1440 3644 diligentia
1464 3571 1524 3623 eo·

465 3687 545 3760 dem
570 3684 689 3757 critico
714 3681 834 3754 studio
859 3680 992 3771 quihus
1016 3679 1054 3751 in
1084 3679 1253 3758 historica
1279 3677 1336 3749 usi
1363 3683 1448 3748 3331
1467 3676 1525 3748 de·

465 3831 562 3883 mnm
584 3807 899 3900 exploraverimus,
925 3804 1047 3876 Procul
1068 3801 1178 3874 duhio
1198 3810 1283 3874 tunc
1304 3802 1342 3873 13
1364 3803 1442 3872 1333
1461 3801 1526 3872 3311

463 3935 589 4008 luham
622 3932 767 4004 unicum
796 3929 998 4020 exemplum
1030 3927 1123 3998 inter
1148 3944 1273 3999 omnes
1300 3917 1524 4016 antiquitatis

462 4059 700 4152 polyhistores
724 4055 879 4128 dedisse.
901 4051 1043 4126 Nemini
1067 4051 1163 4122 enim
1187 4051 1398 4142 scriptorum
1420 4049 1525 4122 conti·

346 4270 349 4278 ,
463 4185 512 4276 git
533 4190 571 4255 ut
594 4183 638 4255 de
663 4180 785 4273 graecis
807 4177 1001 4268 latinisque
1026 4175 1154 4248 litteris
1177 4192 1284 4264 ¹aeque
1311 4180 1521 4256 mereretur,

462 4316 497 4381 et
516 4309 560 4381 de
579 4307 742 4396 utrisque
761 4303 911 4396 egregie.
933 4301 1049 4373 Latini
1070 4299 1180 4381 enim,
1199 4300 1400 4384 Graecorum
1422 4297 1524 4374 disci:
