3498 5324
894 514 1053 575 ..64-

439 654 582 746 pitiunr,
599 655 769 737 iumenta,
786 653 962 743 exempla,
978 651 1100 724 omnia
1113 650 1337 742 praestitisse.
1357 646 1504 754 Quodsi

440 798 513 850 nen
540 797 680 869 seraper
704 776 892 870 splendide
918 795 975 848 res
1000 777 1051 848 eis
1076 775 1224 846 ernnino
1248 774 1374 858 cessit,
1396 771 1504 863 quid-

439 903 528 993 quid
547 910 666 974 tarnen
685 902 763 975 lieri
779 908 916 993 peterat
932 900 1050 972 studio
1070 900 1234 990 impensa
1251 899 1446 981 vuluntate,
1466 898 1505 969 in

440 1046 549 1118 regne
568 1027 613 1097 ab
634 1027 728 1098 Urbe
747 1033 882 1098 remote
904 1032 937 1098 et
956 1025 1013 1097 cul
1039 1043 1058 1096 e
1080 1024 1198 1116 prisea
1212 1023 1387 1096 ‘herberie
1411 1041 1503 1094 uen-

440 1150 526 1223 dum
542 1153 638 1224 exire
658 1152 825 1235 licuerat,
843 1153 888 1223 ab
905 1152 958 1223 eis
974 1151 1104 1222 lactum
1120 1149 1232 1222 luisse
1248 1166 1354 1221 neure
1372 1155 1427 1222 est
1443 1146 1506 1239 qui

440 1275 631 1348 inficietur.
658 1277 759 1349 Certe
785 1295 992 1367 quanquam
1021 1275 1143 1348 multae
1173 1275 1331 1347 habeant
1357 1271 1507 1365 pendia

441 1400 548 1472 urbes
567 1407 812 1484 monumenta,
834 1401 935 1472 nulla
954 1401 992 1471 in
1008 1399 1252 1481 Mauretania
1269 1398 1370 1470 nulla
1385 1397 1507 1469 forsan

439 1526 479 1597 iu
498 1525 627 1610 Africa,
648 1526 752 1616 plura
770 1533 804 1598 et
823 1527 970 1598 nrellcra
990 1544 1097 1616 opera
1115 1525 1202 1597 artis
1221 1525 1351 1597 herum
1368 1530 1505 1614 tempe·

441 1669 520 1722 runr
541 1650 717 1722 exhibuit.

489 1774 581 1847 luha
599 1781 718 1846 auteur
741 1775 779 1845 in
797 1775 928 1847 artium
945 1775 1096 1848 historia
1115 1793 1189 1847 uun
1208 1775 1281 1846 illis
1298 1774 1414 1846 clarus
1435 1789 1509 1844 ma·

441 1898 561 1980 nebit,
583 1897 647 1970 sed
673 1899 744 1970 alio
771 1905 1005 1971 urenunrentc
1033 1899 1133 1989 cujus
1165 1906 1287 1972 auctor
1316 1897 1395 1988 ipse
1424 1897 1503 1969 luit.

441 2025 651 2114 Sepulcrum
693 2023 784 2096 illud
832 2025 939 2108 dice,
987 2043 1084 2097 nuuc
1130 2020 1508 2094 mour-encoenia

446 2146 639 2241 (Tombeae
652 2147 696 2218 de
716 2148 751 2218 Ia
770 2146 979 2220 Otrctteene
1001 2147 1067 2242 est)
1089 2157 1265 2233 vocatum,
1283 2148 1381 2240 quod
1397 2148 1508 2222 luisse

442 2273 533 2344 Mela
547 2267 593 2365 (l)
611 2277 761 2345 testatur
775 2280 1049 2345 munumentum
1061 2291 1250 2346 commuue
1260 2275 1366 2366 regiae
1376 2272 1505 2364 gentis,

443 2396 513 2468 sibi
528 2403 563 2467 et
576 2397 652 2468 suis
665 2415 686 2467 a
699 2396 791 2469 luha
806 2397 1003 2469 conditum.
1017 2399 1066 2469 De
1082 2415 1167 2487 que,
1183 2405 1223 2470 ut
1234 2405 1289 2470 est
1302 2404 1507 2489 pernotum,

443 2538 488 2592 ue
508 2520 655 2592 verbum
675 2521 821 2612 quidem
849 2521 998 2594 lacerem
1021 2540 1133 2613 pauca
1154 2540 1246 2594 nova
1263 2522 1455 2606 allaturus,
1477 2520 1509 2593 si

442 2645 543 2719 lubae
564 2653 597 2718 et
623 2648 852 2720 Mauretaniae
871 2648 1023 2719 historia
1040 2648 1084 2720 de
1104 2666 1145 2719 ee
1169 2655 1284 2720 tacere
1307 2654 1450 2738 posset,
1476 2651 1511 2719 et

443 2771 679 2844 valentissimi
705 2773 871 2844 hemines
899 2773 960 2863 qui
988 2792 1069 2845 eum
1092 2780 1216 2845 uoturn
1243 2771 1402 2844 lecerunt
1420 2788 1510 2842 nen·

444 2896 544 2968 nulla
567 2915 641 2969 uon
671 2898 879 2969 emisissent
906 2917 986 2988 quae
1011 2898 1101 2970 mihi
1128 2896 1424 2970 animadvertisse
1454 2896 1508 2967 vi·

444 3021 543 3095 decr.
565 3022 635 3095 Sed
655 3041 763 3114 quam
781 3024 993 3096 brevissime
1008 3025 1205 3096 absolvam.

493 3147 620 3219 lunam
641 3154 675 3220 et
694 3148 916 3241 Cleopatram
939 3149 1051 3221 luisse
1069 3167 1191 3240 graece
1214 3148 1300 3221 artis
1320 3154 1511 3221 sectatores

446 3278 480 3345 et
503 3273 655 3345 traditur
682 3280 716 3345 et
748 3291 791 3345 ex
813 3275 864 3346 eis
892 3292 973 3365 quae
997 3291 1107 3364 supra
1137 3273 1212 3344 dixi
1239 3273 1439 3355 cernimus,
1462 3273 1512 3344 ila

446 3402 566 3468 tanren
585 3404 626 3469 ut
649 3398 798 3470 haberet
821 3400 976 3490 quisque
1003 3417 1067 3470 sua
1091 3399 1235 3489 propria
1259 3398 1391 3470 studia.
1415 3397 1512 3470 Cleo·

446 3527 557 3612 patrae
577 3520 673 3592 eninr
693 3523 895 3613 AEgyptiaca
914 3523 1036 3594 emnia
1049 3523 1228 3614 placuisse
1242 3525 1361 3614 etjam
1379 3522 1511 3594 scimus

447 3651 482 3717 et
506 3643 805 3718 demonstrabunt
824 3649 962 3718 nuuuni
983 3647 1238 3737 compluraque
1260 3647 1352 3730 alia,
1373 3652 1413 3718 ut
1431 3663 1513 3736 quae

448 3787 487 3842 se
511 3786 530 3840 e
556 3769 829 3842 Ptolemaeoruur
853 3772 1023 3861 praeclare
1047 3772 1222 3862 sanguine
1245 3778 1367 3843 natam
1390 3769 1513 3842 testari

447 3893 584 3984 uirique
611 3896 788 3986 cupiebat.
810 3896 902 3967 luha
921 3903 1057 3979 autern,
1080 3897 1146 3968 etsi
1169 3896 1215 3967 ad
1234 3915 1383 3968 romana
1401 3898 1514 3968 multa

449 4016 595 4106 quidem
615 4036 654 4090 se
673 4019 878 4110 applicaret,
902 4027 1021 4092 tanuen
1039 4020 1221 4112 propriam
1236 4026 1377 4112 gentem
1391 4022 1429 4092 iu
1448 4022 1515 4092 hec

479 4299 513 4362 (l)
530 4294 600 4359 Mel..
616 4298 650 4348 Dc
663 4298 704 4350 ait.
723 4297 793 4360 Orb„
807 4299 829 4361 1,
844 4300 867 4349 d.
