3498 5324
885 615 1026 674 ..q-

397 754 591 841 valenliore
610 753 849 823 instrumento
870 752 989 823 critico
1006 750 1132 822 armati
1155 752 1368 823 recentiores
1388 751 1511 823 eadem

397 869 477 941 quae
501 850 561 922 ille
580 849 792 921 hariolando
811 850 881 939 ipsi
902 848 1181 920 demonstrando
1202 849 1334 938 saepius
1356 849 1511 938 protule-

395 949 480 1020 rint.
502 947 546 1018 ht
566 947 678 1018 nimia
697 947 815 1037 operis
834 947 989 1018 brevitas
1008 965 1134 1018 novem
1155 946 1303 1037 paginas
1323 964 1396 1017 non
1416 961 1512 1018 exce

395 1045 513 1117 dentis
532 1046 750 1135 ignarusque
768 1051 890 1115 auctor
910 1051 948 1116 ut
967 1045 1228 1116 numismaticae
1244 1044 1295 1114 sic
1313 1041 1511 1135 epigraphi·

394 1161 479 1225 ces,
515 1143 627 1214 multo
655 1141 809 1233 pretium
843 1141 961 1231 operis
981 1136 1188 1224 minuunt,
1226 1160 1364 1231 quum,
1400 1157 1510 1232 prope

394 1241 586 1312 silentibus
609 1238 842 1330 scriptoribus
868 1240 1048 1330 antiquis,
1071 1257 1212 1311 summa
1235 1239 1286 1310 rei
1311 1237 1407 1328 apud
1430 1239 1510 1309 illas

318 1355 320 1360 ’
392 1339 496 1429 quasi
516 1338 664 1411 omnino
684 1337 800 1426 posita
818 1337 876 1408 sit.

417 1479 419 1484 -
440 1436 534 1507 hun.
556 1437 597 1506 D.
623 1437 732 1518 l8l5,
759 1434 882 1506 doctus
902 1435 955 1505 uir
974 1435 1119 1505 nomine
1140 1435 1330 1506 Hulleman
1345 1431 1509 1525 Disputa-

389 1531 516 1602 tionem
543 1531 585 1602 do
615 1530 697 1602 Vua
722 1537 756 1600 et
780 1530 923 1624 scriptis
946 1528 1049 1601 Joooe
1078 1530 1273 1615 Maurusii,
1296 1531 1443 1621 Traiecti
1463 1530 1509 1603 ad

389 1631 567 1714 Rhenum,
590 1629 714 1702 edidit.
738 1631 850 1716 Quam
876 1629 1042 1720 quidem,
1066 1648 1145 1702 raro
1164 1628 1261 1720 apud
1280 1630 1402 1701 doctos
1426 1631 1504 1700 lau·

389 1727 525 1813 datam,
548 1746 621 1800 nou
642 1727 772 1808 bubum
796 1727 859 1798 sed
880 1728 1094 1799 sententiam
1120 1729 1197 1817 ejus
1217 1725 1442 1817 Vollgraffius
1463 1725 1506 1798 de

387 1826 485 1896 omni
506 1843 543 1896 re
563 1826 668 1896 nobis
687 1824 815 1907 reddit,
833 1825 1088 1915 contenditque
1108 1824 1242 1916 injuria
1257 1824 1428 1896 oblivioni
1444 1824 1504 1897 da·

386 1929 458 1992 tam
481 1947 489 1993 :
508 1923 589 2012 jnre
608 1941 711 2004 sane,
735 1922 840 1994 modo
860 1922 982 1994 omnia
1002 1923 1075 1994 sint
1095 1921 1216 2013 qualia
1231 1940 1312 2013 quae
1332 1921 1377 1994 ad
1397 1939 1505 2013 opera

387 2021 478 2110 regis
506 2026 679 2110 spectant.
712 2020 782 2091 Sed
809 2019 979 2090 historica
1006 2021 1082 2110 ejus
1110 2027 1194 2110 pars
1221 2036 1295 2090 nou
1323 2019 1435 2101 ultra,
1466 2026 1504 2091 ut

386 2119 526 2207 opinor,
546 2118 695 2189 iimitem
714 2117 776 2208 qui
796 2123 881 2188 tunc
896 2117 1133 2189 eratJubanis
1154 2116 1284 2189 studiis
1304 2117 1426 2208 inopia
1446 2117 1504 2189 do·

385 2222 632 2286 cumeutorum
654 2215 807 2304 positus,
830 2214 1020 2304 procedere
1040 2215 1168 2307 potuit.

433 2312 528 2382 hnn.
543 2315 585 2382 b.
609 2314 713 2395 1817,
733 2313 931 2383 Germanus
946 2312 1053 2384 homo
1069 2313 1110 2383 Α.
1129 2312 1286 2394 Goerlitz,
1307 2311 1502 2403 fragmenta

384 2427 530 2499 opernm
551 2429 571 2479 a
590 2410 681 2480 luha
708 2428 787 2500 rege
814 2410 1025 2500 scriptorum
1047 2416 1223 2500 quotquot
1241 2417 1383 2500 tempus
1407 2410 1498 2484 tule-

383 2513 468 2578 runt
492 2507 620 2598 lipsiae
634 2507 762 2589 edens,
785 2507 899 2597 ipsius
919 2508 1073 2578 auctoris
1094 2507 1201 2578 vitam
1218 2507 1375 2588 addidit,
1392 2526 1499 2597 quam

383 2621 470 2674 sane
485 2603 530 2675 ad
546 2604 768 2676 condendam
783 2605 920 2695 egregie
934 2611 969 2675 et
981 2623 1150 2695 prospere
1166 2623 1310 2695 operam
1321 2604 1419 2676 dedit
1432 2601 1497 2698 (l),

382 2718 546 2790 opusque
568 2708 654 2772 tunc
672 2701 876 2772 inchoatum
897 2719 983 2772 ann,
1008 2705 1049 2772 1).
1079 2704 1169 2772 1861
1197 2704 1307 2774 altera
1331 2702 1499 2775 disserta·

381 2797 479 2870 tione
498 2798 597 2869 aurit
619 2796 684 2892 (11.
706 2799 824 2871 Minus
844 2805 962 2870 autem
986 2798 1031 2870 ad
1052 2817 1167 2890 regem
1189 2819 1296 2890 quarn
1318 2800 1363 2872 ad
1384 2800 1496 2890 scrip-

381 2902 494 2966 torem
524 2894 678 2986 pertinet
706 2895 884 2985 quidquid
916 2897 998 2967 novi
1027 2896 1259 2988 meliorisque
1287 2897 1418 2969 attulit.
1448 2898 1499 2970 lta

381 3011 525 3082 quoque
543 2995 599 3064 W.
624 2993 770 3084 Plagge,
795 2994 926 3064 thesim
947 2991 1001 3062 De
1023 2990 1119 3063 Jobu
1144 2990 1191 3063 II
1204 3015 1291 3086 repe
1308 2992 1496 3065 Maurita-

378 3091 445 3159 uloe
463 3091 612 3182 protulit
630 3091 834 3163 Monasterii
861 3092 1161 3182 Guestphalorum
1181 3112 1267 3163 ann.
1298 3094 1339 3164 D.
1372 3093 1462 3164 1819
1487 3117 1495 3162 :

379 3188 417 3258 in
445 3207 515 3278 qua
542 3189 711 3280 optimam
736 3187 913 3279 congessit
935 3189 1093 3262 locorum
1123 3189 1185 3262 ubi
1215 3190 1259 3262 de
1285 3191 1377 3262 luha
1402 3189 1500 3281 apud

378 3292 512 3356 veteres
539 3285 826 3376 recentioresque
850 3286 985 3358 mentio
1010 3285 1050 3358 ht
1076 3287 1351 3360 collectionem:
1377 3286 1497 3378 prolu-

377 3387 497 3454 turum
518 3383 664 3472 quidem
683 3383 841 3454 venturis
862 3385 1096 3475 scriptoribus
1117 3404 1220 3474 opus,
1241 3385 1304 3458 sed
1323 3384 1420 3475 quod
1439 3402 1498 3476 pa·

377 3497 456 3550 rum
477 3479 522 3550 ad
541 3480 770 3552 Mauretaniae
792 3481 979 3572 ipsiusque
1002 3482 1103 3556 luhae
1123 3483 1310 3554 historiam
1331 3483 1413 3555 novi
1435 3488 1497 3553 aut

376 3577 524 3666 pretiosi
543 3578 675 3649 attulit.
777 3585 783 3594 '

425 3675 557 3747 Eodem
577 3675 686 3746 ferme
706 3681 865 3766 tempore
885 3677 1044 3768 syllogen
1064 3677 1342 3768 fragmentorum
1364 3678 1493 3750 conde·

374 3771 435 3843 bat
454 3773 570 3844 clarus
590 3772 643 3843 vir
657 3773 805 3844 Carolus
825 3773 1490 3864 111111111111111911111111111111111-

373 3889 458 3938 roua
479 3867 690 3940 Grroeoorom
715 3867 761 3964 (5)
784 3870 930 3942 abidot
950 3872 1077 3954 editlS,
1097 3872 1234 3962 adjecta
1252 3873 1296 3945 de
1316 3874 1394 3964 ipso
1414 3891 1494 3964 rege

372 3965 507 4056 optima
527 3967 791 4040 dissertatione.
816 3969 885 4040 Sed
906 3987 947 4038 ea
966 3975 1105 4040 tantum
1130 3971 1269 4061 collegit
1289 3989 1370 4062 quae
1390 3971 1490 4063 graeci

405 4248 522 4310 (1)]1111
539 4249 561 4296 11
578 4249 632 4298 olto
646 4255 668 4298 et
675 4247 837 4359 [reputatae.
857 4249 924 4302 1817.
970 4313 975 4323 ·
1010 4299 1013 4304 ,
1052 4316 1057 4327 .

291 4346 293 4350 .
403 4311 438 4374 (lt
454 4311 605 4384 Rroqromut
620 4312 662 4359 des
692 4311 830 4361 otolrscheu
851 4314 1031 4375 Gpmnostomr
1047 4329 1076 4364 tn
1093 4315 1210 4375 Bresleu,
1231 4315 1297 4366 tuot.

404 4374 439 4436 (3)
456 4371 512 4420 bol.
529 4372 577 4428 111,
589 4388 613 4435 p.
632 4372 743 4422 165-181.
