3490 5318
885 589 924 602 ..
943 555 1044 617 pp·-

432 700 557 766 ornata
575 691 702 784 spoliis
725 689 790 787 (l).
813 694 864 766 lta
885 699 926 765 ut
945 699 980 766 et
998 693 1036 766 in
1056 691 1308 765 communibus
1327 692 1496 783 conjuges

431 824 552 909 aperte
570 816 838 908 aequiparentur
860 823 895 889 et
919 818 1068 907 insuper
1091 815 1312 890 diversorum
1339 815 1496 890 habeant

431 949 581 1033 uterque
599 960 701 1014 suam
722 960 952 1014 nummorum
971 941 1113 1014 seriem.
1136 941 1363 1033 privilegium
1383 940 1430 1013 sit
1448 957 1495 1012 en

427 1066 509 1157 iure
526 1065 670 1157 proprio
691 1072 725 1138 et
744 1067 890 1138 nomine
906 1085 971 1139 suo
988 1066 1174 1156 Cleopatra
1187 1066 1290 1139 leriet
1303 1066 1397 1138 inter
1414 1065 1495 1137 doe

431 1198 487 1263 tos
507 1210 581 1262 non
601 1197 740 1263 oonstat
759 1191 938 1263 homines.
959 1192 1171 1273 Muellerus,
1192 1192 1259 1263 etsi
1281 1191 1496 1266 sententiam

431 1315 595 1388 absolute
614 1333 688 1388 non
706 1317 935 1407 pronuntiet,
958 1315 1002 1387 ad
1022 1316 1178 1406 priorem
1206 1315 1380 1388 inclinare
1400 1314 1496 1388 vide·

430 1447 507 1524 tur,
529 1441 775 1513 Mommsenus
788 1440 834 1512 ad
850 1440 998 1512 alteram
1019 1458 1101 1530 quae
1120 1439 1252 1512 dieeret
1272 1439 1494 1530 Cleopatram
1551 1463 1555 1476 ·

430 1563 542 1637 ruisse
561 1583 635 1637 non
655 1565 772 1637 solum
790 1549 888 1656 repis
909 1585 1062 1634 amorem
1082 1563 1146 1636 sod
1165 1571 1199 1638 et
1218 1581 1285 1636 suo
1300 1564 1382 1654 jure
1398 1548 1495 1654 ropi-

429 1711 530 1760 llam.

485 1839 501 1878 ‹
521 1811 624 1900 Quod
643 1814 691 1895 si,
713 1811 813 1885 addit
832 1815 1093 1896 Mommsenus,
1116 1813 1399 1904 Cleopatrarum
1417 1831 1497 1886 eon·

431 1957 571 2011 eessum
596 1944 713 2010 estut
737 1957 802 2010 suo
822 1938 904 2028 J'ure
926 1945 1107 2030 regnaret,
1130 1937 1208 2011 iieri
1227 1943 1362 2029 potest,
1384 1955 1496 2028 ouum

430 2062 589 2135 Annales
614 2063 772 2134 scribant
795 2062 923 2133 luham
943 2062 991 2134 ab
1008 2062 1166 2153 Augusto
1187 2068 1221 2134 ot
1239 2068 1375 2153 partem
1396 2061 1495 2154 regni

429 2188 587 2278 paterni,
614 2187 652 2258 iri
672 2193 726 2258 est
743 2186 939 2270 Numidia,
960 2186 1157 2277 accepisse,
1179 2193 1214 2258 et
1232 2192 1402 2276 praeterea
1421 2204 1497 2278 reg·

429 2328 517 2382 num
537 2311 784 2392 Mauretaniae,
806 2317 846 2382 ut
871 2310 962 2382 illud
981 2309 1062 2401 ipse
1077 2311 1261 2394 habuerit,
1283 2311 1350 2382 hoe
1373 2311 1496 2383 uxoris

430 2437 595 2520 nomine;
624 2436 687 2509 sed
706 2443 823 2528 polest
842 2436 949 2509 otiam
969 2437 1116 2526 utrique·
1132 2437 1276 2528 eonjugi-
1292 2442 1405 2509 totum
1421 2455 1497 2528 reg·

429 2579 517 2632 num
545 2561 727 2637 eommuni
752 2561 899 2632 nomine
926 2561 1048 2633 datum
1069 2579 1200 2632 osse.»
1229 2561 1295 2632 Sin
1316 2566 1436 2632 autem
1455 2577 1498 2633 ee

428 2703 511 2758 vere
537 2695 621 2758 sunt
647 2704 728 2776 quae
750 2705 812 2777 ego
837 2685 882 2757 de
906 2685 1024 2776 regnis
1041 2705 1062 2756 a
1080 2685 1172 2757 luha
1190 2686 1342 2776 aooeptis
1369 2691 1407 2758 et·
1422 2702 1497 2756 uno

429 2829 493 2901 pro
512 2812 624 2884 altero
648 2812 793 2883 mutatis
814 2811 981 2902 exposui,
1010 2810 1101 2882 illud
1125 2828 1272 2900 prorsus
1292 2809 1493 2901 negahitur,

430 2934 497 3008 hoo
514 2942 633 3008 autom
653 2955 761 3026 quam
777 2936 981 3007 verosimile
998 2936 1045 3008 sit
1057 2935 1213 3008 conditio
1229 2937 1416 3009 amborum
1432 2956 1498 3009 an·

429 3065 572 3150 mquam
588 3066 777 3151 regnarent
792 3059 934 3136 asserit.
954 3060 1045 3132 lube
1059 3061 1170 3143 enim,
1193 3059 1340 3133 sublato
1349 3079 1412 3152 per
1427 3062 1496 3133 lor·

429 3185 563 3256 mulam
582 3185 773 3276 provinoiae
800 3204 908 3277 regno
925 3186 1102 3258 Numidiae
1121 3185 1269 3277 perinde
1288 3205 1330 3258 ao
1347 3187 1381 3258 si·
1398 3205 1498 3258 nun-2

429 3327 537 3399 quem
552 3307 690 3391 luisset,
706 3311 787 3400 quis
802 3311 895 3381 alius
909 3317 1034 3382 eretao
1045 3311 1203 3401 privatus
1216 3311 1337 3394 homo,
1349 3312 1498 3384 nomine

430 3431 469 3504 (l.
491 3432 608 3504 lulius
631 3433 734 3524 Regis
753 3434 854 3507 lubae
875 3435 899 3505 t.
922 3434 1031 3516 luha,
1053 3441 1093 3506 ut
1117 3434 1179 3506 ille
1202 3453 1245 3506 en
1270 3435 1381 3525 stirpe
1400 3435 1499 3526 regie

430 3555 623 3628 Britannus
649 3575 761 3646 quem
776 3557 1043 3636 titulillleuulio
1075 3559 1274 3649 impe-rente
1298 3559 1351 3630 Ti.
1387 3559 1499 3630 Cleu-

429 3678 529 3752 dium
550 3680 654 3771 Regis
681 3679 880 3771 Cogiduhni
908 3681 933 3752 l.
961 3681 1210 3772 Cogiduhnum
1234 3678 1273 3775 (l)
1295 3689 1421 3755 notum
1440 3683 1494 3754 la·

429 3804 545 3887 oiunt,
569 3810 603 3876 et
622 3823 728 3894 quem
748 3823 866 3896 regem
892 3805 1101 3877 nullomodo
1120 3805 1232 3878 luisse
1252 3805 1496 3897 comprobarit

429 3927 672 4002 Mommsenus
693 3925 769 4022 (ill
801 3929 988 4018 Cleopatra
1003 3929 1084 4020 jure
1104 3928 1250 4019 quidem
1271 3928 1398 4003 intimo
1417 3930 1494 4003 looo

459 4233 924 4306 mmmmmmumm

457 4328 491 4396 (2)
506 4333 622 4392 Hermes,
641 4331 681 4394 X,
699 4347 727 4397 p.
747 4333 793 4384 369
810 4337 835 4384 et
858 4347 912 4397 seq.
934 4332 1011 4384 Adde
1031 4329 1112 4384 eliam
1125 4324 1161 4384 M.
1182 4327 1285 4386 lulium
1305 4326 1386 4402 Regia
1406 4329 1495 4390 Donni
