3490 5318
740 543 899 604 -Ἱῇ-

285 682 345 771 ius
364 677 491 753 aurum
510 680 622 753 llandi
642 680 799 756 feriundi
819 681 1038 773 pertinuisse
1060 682 1261 774 putandum
1284 691 1351 758 est.

338 807 501 878 Ceterum
530 807 621 878 luha
650 807 793 898 quietus
823 807 1019 898 plurimum
1048 809 1148 899 regni
1178 809 1234 879 sui
1266 829 1351 881 eon·

290 931 463 1022 sumpsit,
486 930 592 1015 dum,
619 939 659 1004 ut
687 931 781 1003 dicta
806 939 962 1023 repetam
991 933 1078 1004 satis
1105 939 1230 1022 arguta
1256 934 1354 1006 Bois·

289 1055 405 1139 sierii,
424 1057 746 1128 mansuetariorum
768 1057 837 1127 ritu
857 1075 1061 1147 perpacem
1080 1063 1114 1129 et
1129 1063 1222 1129 artes
1238 1056 1353 1131 bonas

289 1181 429 1253 lllauros
448 1198 489 1252 ac
508 1180 664 1251 Gaetulos
680 1179 784 1270 quasi
804 1179 896 1250 ieras
917 1180 1112 1252 indomitas
1128 1181 1266 1253 emollit
1286 1179 1351 1276 (l).

289 1303 499 1375 Diuitiarum
525 1305 768 1395 augendarum
790 1324 916 1387 eausa,
938 1306 1060 1376 omnia
1085 1307 1268 1396 quondam
1289 1309 1354 1399 ly·

290 1427 353 1500 riis
373 1428 567 1518 Poenisque
582 1429 745 1520 navigata
760 1429 873 1500 maria
888 1430 1065 1521 explorari
1080 1431 1209 1502 iterum
1225 1432 1351 1515 voluit,

290 1557 328 1624 nt
346 1572 446 1625 nova
466 1554 731 1644 negotiantibus
751 1555 817 1626 viae
837 1555 1072 1646 regionesque
1091 1561 1267 1646 paterent.
1291 1558 1351 1626 ln-

291 1679 387 1749 sulas
417 1679 652 1769 purpurarios
681 1686 715 1750 et
748 1681 959 1751 Fortunatas
993 1680 1032 1750 in
1061 1679 1237 1752 Atlantico
1267 1681 1354 1752 sitas

193 1783 194 1786 Ὺ
290 1803 422 1874 elasses
442 1799 519 1893 ejus
540 1803 724 1886 adierunt,
747 1810 781 1875 et
805 1822 937 1875 nomen
957 1805 1137 1895 priorious
1157 1804 1280 1877 datum
1301 1812 1356 1878 est

290 1945 332 2000 ox
351 1928 647 2019 purpurariorum
664 1934 698 1999 et
717 1929 909 2001 tinctorum
930 1927 1101 2013 officinis,
1120 1928 1276 2019 quesibi
1294 1930 1356 2003 ille

289 2051 449 2123 condidit
474 2049 538 2146 (ᾖ).
568 2053 655 2124 ltem
680 2054 843 2144 regiones
869 2054 1097 2126 Mauretaniae
1120 2053 1254 2125 vicinas
1278 2072 1356 2146 eog-
1391 2142 1394 2148 ¹

289 2195 437 2248 noscere
457 2177 619 2260 studuit,
642 2196 780 2268 neque,
803 2185 978 2268 quantum
999 2178 1144 2268 quidem
1165 2179 1354 2264 novimum

289 2302 398 2374 nimis
420 2303 513 2374 male
533 2321 589 2374 res
610 2303 642 2374 ei
664 2304 784 2386 cessit,
802 2321 886 2373 nam
904 2304 1066 2375 Suetonii
1088 2303 1243 2374 Paullini
1263 2304 1357 2376 ultra

289 2427 467 2499 Atlantem
488 2429 569 2510 iter,
587 2427 692 2499 annis
713 2435 794 2518 post
809 2429 886 2518 eius
905 2435 1055 2500 mortem
1071 2448 1147 2510 xm,
1166 2427 1260 2499 dieta
1279 2429 1357 2519 eius

289 2552 522 2624 eonlirmasse
552 2552 692 2624 videtur
729 2550 795 2646 (5).
827 2554 905 2625 Non
934 2554 983 2625 ita
1013 2572 1092 2625 vero
1121 2552 1166 2625 de
1195 2552 1358 2644 partibus

289 2677 409 2768 libya
424 2676 670 2759 interioribus,
689 2678 732 2748 de
748 2678 880 2768 quihus
897 2677 1000 2769 qnasi
1016 2679 1138 2749 omnia
1153 2696 1353 2768 perperam,

288 2802 416 2891 partim
447 2801 587 2892 punicis
620 2802 777 2875 conlisus
805 2803 928 2886 libris,
959 2803 1090 2894 partim
1119 2809 1356 2875 mercatorum

289 2927 487 3000 militumve
512 2928 681 3018 deeeptus
708 2929 831 3021 nugis,
868 2931 997 3020 partim
1027 2937 1119 3002 recte
1146 2928 1240 3000 diota
1264 2929 1357 3002 male

289 3051 510 3143 intelligenS,
532 3052 680 3125 tradidit
701 3050 766 3147 (l).
1067 3055 1073 3066 '

337 3177 461 3267 Neque
488 3195 570 3248 vero
600 3196 748 3268 regnum
772 3179 865 3248 ultra
885 3177 1025 3249 dimidii
1053 3177 1173 3250 saeculi
1200 3178 1356 3269 spatium

289 3302 437 3392 protulit
448 3302 536 3393 quin
552 3309 586 3374 et
601 3322 666 3374 sua
680 3301 775 3373 bella
793 3303 952 3374 haberet.
968 3304 1126 3389 Quorum
1143 3303 1214 3375 duo
1227 3303 1265 3373 in
1279 3302 1358 3394 ipsa·

290 3426 530 3508 Mauretania,
554 3445 682 3517 magna
702 3445 789 3499 sane
812 3433 846 3498 et
870 3428 1088 3517 periculosa,
1111 3427 1204 3499 inira
1223 3446 1356 3500 memo·

290 3552 463 3624 rabimus.
486 3552 557 3624 Sed
581 3572 623 3625 ex
643 3552 849 3644 fragmentis
870 3570 1018 3643 operum
1039 3555 1116 3645 ejus
1136 3555 1225 3626 alias
1246 3572 1354 3644 eupe-

290 3676 445 3751 ditiones
465 3678 598 3769 quihus
613 3684 653 3788 'et
671 3677 853 3751 interdum
874 3678 1017 3769 praefuit
1035 3677 1147 3750 luisse
1163 3677 1353 3768 colligitur,

323 3957 356 4021 (1)
373 3956 515 4019 Boissiere,
529 3956 647 4022 Esqulsae
659 3961 720 4019 ete,
738 3971 764 4022 p.
782 3957 836 4008 iol.

322 4045 355 4110 (l)
370 4045 398 4098 0.
414 4044 499 4103 Moli,
514 4047 616 4109 Fropm.
634 4046 693 4098 laist.
711 4047 765 4108 Gr„
779 4046 852 4110 Jub,
869 4046 963 4112 fragm.
978 4047 1017 4098 28.

320 4135 357 4199 (3)
370 4135 445 4195 luia,
459 4136 554 4200 fragm.
568 4133 608 4186 26.

321 4224 357 4288 (l)
372 4225 449 4286 loia,
464 4225 561 4289 fragm.
576 4223 616 4275 29.

319 4316 469 4368 decentiora
484 4319 595 4368 uomina
611 4336 618 4366 ε
633 4315 748 4381 Modera,
762 4316 811 4368 iles
826 4315 959 4370 denarios.
