3498 5324
899 587 1059 651 ..32-

445 727 687 818 sepulcrorum
703 724 885 818 lapidibus
903 725 1075 799 informes
1090 723 1224 817 effigies
1243 732 1329 798 sunt
1351 724 1416 820 (l),
1433 727 1512 799 bar·

442 851 578 923 bariem
595 850 835 922 insanabilem
853 849 1023 941 produnt.
1044 849 1248 933 Masinissa,
1266 851 1328 940 qui
1348 849 1414 921 luit
1429 850 1510 922 doo-

443 974 625 1056 tissimus,
656 974 868 1066 Carthagino
893 972 1063 1046 educatus
1084 972 1199 1046 fuerat
1222 981 1256 1046 et
1281 973 1412 1066 punico
1433 993 1508 1047 ser-

443 1119 548 1173 mone
564 1119 649 1173 suos
665 1099 789 1172 titulos
806 1098 986 1172 scribebat
1000 1098 1047 1194 (2)
1065 1125 1073 1170 z
1094 1101 1260 1191 lempsal‚
1281 1099 1381 1172 anae
1395 1101 1509 1172 nostri

441 1245 542 1311 avus,
560 1225 691 1317 punica
705 1243 850 1316 quoque
861 1223 984 1316 lingua
998 1223 1175 1296 Numidiae
1188 1224 1389 1308 historiam,
1403 1224 1506 1307 iuba,

441 1350 627 1443 lempsalis
648 1347 766 1432 iilius,
789 1349 1034 1441 perstructos,
1059 1355 1099 1421 nt
1122 1347 1338 1420 credendum
1360 1356 1427 1431 est,
1450 1368 1507 1420 ar-

442 1476 611 1549 chitectos
631 1474 764 1565 regiam
786 1492 888 1546 snam
907 1475 1022 1545 Zamae
1042 1480 1076 1545 et
1095 1472 1199 1564 plura
1218 1472 1408 1563 splendida
1425 1472 1509 1544 aedi·

441 1600 522 1672 ficia
541 1600 587 1672 ed
614 1597 765 1691 effigiem
786 1615 1015 1670 romanarum
1036 1597 1209 1669 domuum
1228 1593 1302 1690 (5),
1325 1596 1506 1680 condunt;

441 1727 457 1796 l
462 1725 569 1796 ubam
593 1723 694 1796 lubae
714 1723 830 1795 filium
851 1730 912 1794 aut
931 1723 1042 1794 latine
1062 1730 1124 1794 aut
1142 1741 1252 1813 graece
1272 1721 1507 1804 scribentem,

441 1848 574 1940 saepius
595 1848 638 1921 de
658 1847 818 1920 romanis
838 1846 960 1928 rebus,
983 1847 1204 1929 videbimus;
1225 1855 1259 1920 et
1280 1848 1413 1919 Punica
1435 1847 1506 1918 lin-

440 1993 508 2066 gua
532 1973 649 2046 adbuc
668 1974 689 2043 i
708 1992 745 2064 p.
767 1973 806 2044 C.
835 1973 965 2045 saeculo
986 1972 1141 2064 ubique,
1164 1971 1227 2044 sed
1253 1973 1450 2063 praesertim
1470 1971 1508 2044 in

439 2097 630 2170 maritimis
650 2097 853 2169 civitatibus
875 2096 1045 2178 durabat,
1067 2103 1123 2180 ut,
1151 2103 1278 2189 praeter
1302 2097 1510 2169 testimonia

440 2223 668 2313 scriptorum,
687 2221 887 2313 complures
901 2220 995 2294 tituli
1013 2221 1273 2304 demonstrant,
1291 2221 1330 2291 in
1349 2219 1510 2313 Corpore

438 2344 722 2438 Inscriptiooum
740 2345 998 2417 soottttoorom
1014 2352 1075 2418 aut
1096 2345 1181 2418 editi
1203 2353 1264 2418 aui
1278 2345 1423 2419 edendi.

489 2472 541 2542 lta
559 2489 707 2541 romano
727 2470 876 2561 imperio
899 2476 1054 2551 matura,
1077 2479 1116 2542 ut
1134 2489 1214 2561 quae
1233 2471 1306 2560 iam
1328 2473 1506 2543 Romano·

440 2615 518 2669 rum
540 2591 726 2667 hominnm
748 2603 835 2679 erat,
857 2595 1025 2667 Numidia
1046 2596 1250 2677 videbatur,
1270 2614 1383 2685 eaque
1402 2613 1509 2666 causa

439 2740 518 2793 esse
545 2720 669 2794 debuit
691 2739 753 2792 cur
772 2739 849 2791 eam
869 2722 970 2794 lubae
990 2721 1190 2794 reddidisse
1219 2722 1416 2812 Augustum
1440 2721 1508 2792 cito

438 2846 659 2939 poenituerit.
1217 2943 1219 2948 Ι

489 2974 557 3045 lies
585 2993 605 3044 a
633 2972 725 3044 Juba
752 2982 869 3066 gestas
903 2975 1102 3066 perbreve
1135 2972 1226 3046 illud
1259 2981 1400 3066 tempus
1436 2991 1518 3063 quo-

437 3098 615 3171 Nnmidiae
649 3099 881 3190 imperitavit,
913 3101 1112 3182 nescimus,
1148 3117 1214 3172 nec
1242 3100 1434 3189 quisquam
1464 3098 1508 3169 de

439 3226 534 3292 statu
553 3223 652 3314 regni
677 3225 817 3298 locutus
833 3232 909 3297 est.
934 3227 1039 3297 Plura
1057 3232 1177 3298 tamen
1198 3241 1408 3316 cognoscere
1428 3221 1508 3294 licet

348 3353 350 3356 ’
438 3361 520 3434 quac
539 3348 645 3437 quale
664 3348 732 3420 boc
750 3368 898 3441 regnum
919 3349 1026 3422 luerit
1053 3351 1140 3422 satis
1162 3348 1255 3421 bene
1277 3347 1504 3420 denuntiant.

468 3562 503 3626 (l)
521 3559 580 3613 Vid.
597 3564 671 3614 Arclr.
687 3565 729 3614 des
745 3567 822 3626 ilios,
837 3573 855 3614 t.
875 3566 913 3628 X,
929 3580 1035 3627 se1·.111,
1051 3569 1104 3617 tab.
1117 3580 1167 3624 vu,
1185 3567 1228 3630 lig.
1243 3566 1266 3621 4,
1282 3564 1506 3630 Redisset-Gaid3

436 3653 483 3702 sed
499 3653 596 3715 prodiit
610 3653 690 3701 etiam
709 3657 759 3702 sub
777 3656 853 3704 titulo
878 3658 973 3718 Vopopc
988 3656 1086 3704 d'ctude
1103 3657 1170 3703 doris
1184 3669 1235 3705 une
1248 3654 1333 3718 portio
1348 3655 1378 3703 de
1393 3653 1417 3702 lo
1433 3655 1507 3702 Mort-

436 3741 536 3792 rttono'c
551 3743 713 3803 Gesoriacum,
732 3745 777 3793 ubi
795 3744 934 3794 videlicit.
951 3757 1016 3795 corr.
1032 3743 1094 3807 oss„
1112 3745 1133 3802 Ι,
1148 3747 1200 3792 tab.
1216 3758 1235 3804 r,
1250 3742 1334 3793 Steles
1349 3743 1381 3791 de
1395 3742 1508 3791 Sonam

436 3835 462 3880 et
478 3831 610 3880 d'Abizar.
917 3877 920 3882 ,

465 3919 501 3981 (2)
517 3917 585 3978 Cic..
606 3921 690 3977 Vera,
706 3919 758 3981 IV,
775 3921 814 3970 lo,
833 3919 892 3971 Nisi
906 3923 976 3972 torte
989 3922 1059 3985 quod
1080 3923 1118 3972 ait
1133 3921 1257 3972 Valerius
1277 3921 1426 3979 Maximus,
1445 3934 1506 3970 eos·

435 4011 496 4060 dem
511 4010 601 4072 utique
616 4011 708 4060 titulos
725 4012 910 4075 «gontramno
930 4011 1024 4061 litteris
1040 4013 1233 4074 »conscriptos
1252 4014 1343 4072 inisse,
1360 4011 1393 4062 de
1409 4011 1507 4074 libycis

435 4099 531 4150 litteris
546 4099 747 4163 intelligendum
760 4101 803 4160 sit,
820 4115 884 4164 quas
898 4106 970 4151 certe
988 4105 1037 4151 sub
1056 4101 1205 4152 Masinissae
1220 4101 1399 4166 temporibus.
1416 4102 1507 4150 forsan

434 4202 466 4239 eo
485 4189 544 4252 ipso
567 4192 683 4249 auctore,
708 4203 741 4239 ex
764 4189 870 4254 punicis
888 4190 1019 4242 derivatas
1037 4205 1095 4242 esse
1113 4205 1166 4241 non
1179 4190 1354 4243 dubitandum
1371 4195 1422 4241 est.
1442 4188 1507 4242 Vid.

436 4277 504 4328 uolt.
519 4291 585 4328 corr.
601 4276 666 4342 cir..
688 4277 762 4340 1882,
779 4279 843 4330 fasc.
860 4279 884 4329 6.

466 4367 501 4433 (3)
517 4365 602 4432 lllill,
617 4367 667 4429 111,
682 4382 708 4432 p.
723 4366 762 4424 lc.
