3498 5324
702 603 860 671 ..33-

248 745 482 820 Numidarum
500 763 606 840 gens,
625 752 663 817 ut
682 762 822 835 semper
841 742 1035 816 Berborioea
1054 744 1225 816 nationes
1239 743 1313 817 iue-

249 877 345 952 runt,
368 870 405 941 in
426 870 625 959 complures
642 869 795 958 populos
810 867 937 950 divisa,
956 884 1175 956 unoquoque
1190 884 1312 938 eorum

248 1013 305 1067 res
325 1013 409 1066 suas
423 1011 486 1085 per
502 1011 540 1065 se
554 993 723 1083 agitante,
741 990 893 1074 vivebat,
911 997 951 1064 ut
964 989 1072 1063 bodie
1086 988 1314 1083 Kobplorcm

249 1116 522 1189 communitates
538 1115 717 1187 cernimus
736 1132 800 1206 per
818 1113 980 1202 cly‘emoos
998 1112 1060 1206 (ita
1074 1113 1237 1186 ordinem
1255 1134 1313 1187 vo·

249 1237 342 1333 cant)
371 1246 482 1312 semet
506 1237 603 1330 ipsas
628 1237 936 1310 administrantes.
958 1238 1037 1309 Non
1060 1239 1133 1328 jam
1160 1257 1242 1311 vero
1268 1239 1314 1310 ad

250 1370 401 1444 statum,
429 1370 469 1434 ut
492 1362 621 1444 bodie,
647 1362 810 1434 absolute
838 1369 874 1433 et
905 1362 1014 1433 nimis
1040 1360 1314 1435 democraticum
1368 1403 1371 1412 »

249 1493 498 1579 pervenerant,
516 1503 587 1577 quo
607 1503 725 1574 neque
743 1485 839 1576 genti
858 1502 975 1575 noque
989 1484 1128 1555 homini
1148 1485 1314 1577 cuiquam

249 1610 287 1681 in
317 1627 484 1701 maguum
513 1625 668 1680 creseere
696 1608 802 1690 licet;
834 1608 898 1680 sed
923 1614 1045 1680 contra
1076 1608 1313 1702 principatum

249 1732 385 1824 ubique
404 1728 615 1806 obtinebant
638 1750 729 1823 quos
750 1732 899 1802 Romani
919 1733 1080 1824 regulos,
1103 1732 1214 1804 Graeci
1232 1750 1314 1805 vero

247 1850 408 1942 δυνάστας,
429 1863 654 1929 vocaverunt.
677 1857 758 1941 Qui,
781 1855 935 1946 propriis
955 1857 1084 1948 opibus
1103 1855 1233 1940 validi,
1260 1875 1315 1928 se-

249 1998 328 2053 cum
353 1998 543 2052 numerum
572 1980 734 2070 equitum
761 1985 796 2050 et
819 1981 1025 2052 comitatum
1049 1999 1217 2072 magnum
1244 1988 1314 2053 tra-

249 2105 394 2186 beutes,
417 2111 451 2176 et
469 2104 640 2195 populum
662 2103 731 2174 sibi
756 2102 955 2193 subjeetum
980 2110 1014 2175 et
1039 2104 1174 2177 vicinos
1194 2106 1232 2177 in
1253 2123 1312 2177 so·

251 2229 375 2300 oietate
394 2228 492 2300 haud
512 2246 598 2303 sane
614 2246 717 2319 aequa
731 2227 914 2299 tenebant.
934 2227 1044 2300 Sedes
1063 2234 1137 2300 erat
1151 2235 1212 2300 aut
1227 2228 1315 2300 urbs

250 2354 375 2436 amica,
394 2361 456 2424 aut
470 2353 641 2445 oppidum
662 2352 889 2424 castellumve
904 2352 1121 2443 reponendis
1136 2353 1315 2426 thesauris

247 2483 384 2568 aptum.
396 2475 543 2549 Vivebat
557 2483 676 2547 autem
690 2474 875 2558 nobilitas,
892 2475 1063 2548 armentis
1076 2481 1112 2547 et
1125 2476 1313 2567 pecoribus

249 2600 421 2693 locuples,
439 2601 634 2673 nomadum
647 2619 762 2683 more;
781 2599 883 2691 plebs
898 2607 1034 2683 contra,
1046 2598 1140 2690 agris
1155 2599 1314 2672 colendis

249 2723 407 2808 addicta,
442 2725 480 2796 in
514 2725 665 2816 tuguriis
700 2723 877 2816 specubus
915 2731 949 2796 et
982 2723 1194 2796 miserrimis
1228 2723 1314 2796 vicis

250 2848 408 2921 assidua.
432 2850 517 2934 Quae
536 2848 646 2919 vitae
664 2847 887 2920 Sallustiiad
907 2848 1089 2939 Procopii,
1112 2867 1133 2917 a
1152 2847 1314 2938 Procopii

237 2971 294 3042 ad
314 2970 492 3055 Arabum,
513 2970 558 3042 ab
578 2971 736 3045 Arabum
767 2970 814 3043 ad
833 2978 955 3043 nostra
978 2977 1138 3062 tempora
1156 2971 1229 3043 iere
1248 2971 1312 3042 du-

248 3094 349 3166 ravit.
380 3097 453 3166 Rex
486 3095 654 3166 omnibus
682 3114 790 3186 supra
815 3094 951 3176 stabat,
983 3112 1024 3166 eo
1044 3095 1223 3183 potentior
1242 3112 1313 3185 quo

248 3218 414 3309 proprius
434 3219 466 3290 ei
486 3220 641 3310 populus
661 3220 790 3310 major,
812 3217 947 3289 familia
966 3217 1211 3299 numerosior,
1232 3218 1311 3289 tbe-

248 3359 375 3413 saurus
406 3342 536 3434 largior
566 3343 658 3414 vires
686 3342 731 3413 ad
758 3341 1003 3414 auctoritatem
1032 3339 1313 3413 confirmandam

247 3462 393 3537 dabant.
425 3463 572 3537 Urbium
606 3484 749 3557 quoque
774 3465 1024 3538 benevolentia
1056 3466 1251 3556 potentiam
1280 3467 1312 3540 ei

247 3589 417 3681 augebat,
454 3596 488 3660 et
521 3591 669 3680 insuper
702 3590 801 3661 lubae
831 3589 979 3661 aderant
1010 3589 1159 3660 societas
1189 3591 1312 3680 populi

186 3761 193 3768 -
248 3713 385 3783 romani
405 3719 439 3785 et
459 3713 608 3805 Augusti
627 3713 795 3786 amicitia.

297 3835 485 3910 civitatum
519 3838 619 3929 regni
653 3838 893 3910 conditionem
927 3836 1123 3910 dilucidare
1151 3836 1310 3927 juvaret,

248 3977 329 4051 quae
357 3966 496 4033 tantum
523 3969 628 4034 autea
656 3961 694 4031 iu
730 3962 807 4051 eius
840 3960 982 4032 casibus
1014 3967 1215 4052 potuerant.
1243 3960 1313 4033 Sed

248 4083 366 4174 qualis
388 4082 481 4155 tuba
506 4092 676 4175 regnante
703 4084 808 4156 luerit
832 4102 906 4155 nou
929 4084 1035 4175 plane
1059 4083 1309 4157 discernimus.

246 4206 404 4278 Primum
424 4207 521 4278 enim
541 4206 630 4297 quid
655 4207 822 4279 habuerit
841 4225 920 4278 curn
943 4206 1194 4280 Cirtbensibus
1214 4207 1310 4278 colo-

248 4329 333 4412 niis,
355 4347 443 4404 num
462 4329 648 4420 praelectus
667 4331 719 4403 eis
737 4331 844 4403 luerit
865 4331 1094 4418 constitutus,
1115 4349 1175 4411 an,
1197 4346 1312 4400 roma·

1125 4449 1142 4514 3
