3498 5324
836 606 877 622 ...
902 574 937 637 10
958 609 996 620 ..

360 708 550 783 dilucidari
571 727 644 781 non
663 717 829 800 possunt.
848 711 983 783 Vellem
1004 730 1091 784 sane
1111 729 1254 803 sperare
1273 710 1394 782 liceret
1409 711 1476 782 mi-

361 807 549 880 serandam
569 809 663 878 hano
685 808 844 900 inopiam
864 809 1060 899 aliquando
1077 809 1307 880 imminutum
1327 807 1384 878 iri.
1408 807 1480 880 Gae-

361 923 498 976 saream
519 905 662 987 urbem,
684 923 764 994 quae
783 924 847 995 per
866 906 1063 980 fortunatos
1084 925 1187 980 casus
1207 911 1381 996 quantum
1405 905 1479 994 jam

362 1001 500 1075 dederit
514 1003 623 1075 leotor
638 1002 816 1093 benignus
832 1004 979 1088 videbit,
997 1024 1184 1096 nunquam
1202 1011 1296 1075 oerta
1312 1002 1480 1075 methodo

362 1101 602 1192 exploratam,
625 1119 810 1189 nunquam
833 1101 1086 1175 effossionibus
1107 1109 1269 1174 eoeurate
1287 1102 1480 1191 interroga·

363 1205 434 1268 tam
464 1197 565 1270 lateri
592 1196 714 1288 pudet.
743 1198 874 1270 Pudori
903 1219 984 1270 vero
1017 1200 1215 1292 indignatio
1244 1197 1341 1270 subit
1369 1215 1479 1287 quum

362 1295 517 1384 pretiosa
530 1301 564 1366 et
582 1295 760 1365 mirabilia
777 1296 854 1386 ejus
869 1297 1094 1387 antiquitatis
1113 1302 1359 1376 monumenta,
1378 1297 1482 1385 longe

363 1392 545 1483 quondam
566 1392 807 1483 praecellentia
827 1394 1006 1485 quidquid
1025 1395 1063 1466 in
1084 1393 1313 1468 Mauretanils
1338 1392 1425 1473 luit,
1448 1397 1482 1464 et

363 1490 536 1562 memoria
549 1497 672 1561 nostra
688 1490 760 1562 lere
775 1491 919 1576 intaeta,
935 1493 1056 1564 omnia
1070 1494 1232 1565 consulto
1244 1498 1357 1573 eruta,
1375 1490 1480 1563 etiam

365 1587 540 1678 impensis
561 1587 730 1677 operibus
750 1587 940 1670 demolita,
965 1590 1145 1661 interdum
1167 1591 1245 1661 sine
1268 1607 1394 1669 eausa,
1417 1604 1482 1659 see·

362 1684 445 1774 pius
464 1684 510 1755 ad
531 1683 716 1756 sordidum
742 1692 776 1757 et
805 1687 901 1776 quod
931 1688 1025 1777 leges
1050 1688 1137 1778 ipsae
1166 1685 1405 1777 prohibebant
1425 1684 1480 1755 lu·

365 1800 464 1854 erum
488 1781 769 1872 exquirendum,
797 1784 1008 1874 conspicias.
1035 1784 1122 1857 lude
1151 1785 1190 1856 fit
1213 1791 1253 1855 ut
1281 1781 1484 1853 incivitate

366 1878 491 1970 gallina
517 1879 604 1951 satis
629 1879 795 1962 florente,
827 1882 986 1973 ingentia
1010 1889 1044 1954 el
1067 1880 1307 1973 pulcherrima
1325 1879 1484 1952 melioris

365 1977 430 2049 aevi
450 1984 700 2060 monumenta,
717 1985 908 2068 postquam
928 1979 974 2050 ab
991 1980 1043 2051 eis
1058 1979 1234 2051 abstinuit
1250 1978 1386 2054 tamdiu
1406 1977 1484 2067 ipsa

365 2075 570 2156 barbaries,
592 2082 796 2147 nostrorum
819 2078 986 2148 manibus
1005 2077 1177 2167 perierint
1195 2083 1256 2148 aut
1279 2076 1485 2148 etiamnunc

365 2171 609 2242 destruantur.
633 2172 734 2258 Quod
755 2174 804 2255 si,
825 2175 931 2246 iuba.
953 2176 1043 2264 regis
1064 2176 1210 2266 gloriam
1238 2181 1272 2245 et
1295 2172 1483 2262 antiquum

366 2267 432 2340 looi
467 2270 693 2361 splendorem
730 2289 953 2354 memorans,
990 2291 1050 2344 eos
1085 2290 1305 2344 commovere
1340 2287 1483 2363 possem

366 2385 456 2456 quos
484 2366 593 2438 smem
620 2367 855 2440 devastationi
883 2370 1040 2443 fomenta
1067 2369 1196 2441 studiis
1224 2369 1349 2441 afferre
1374 2384 1484 2459 penes

365 2471 437 2541 est,
465 2471 608 2536 tenuem
636 2467 748 2536 multo
781 2467 902 2538 labore
927 2468 1087 2539 libellum
1114 2467 1296 2558 peperisse
1324 2484 1381 2537 me
1407 2464 1481 2535 ala·

365 2561 470 2634 oriter
488 2561 629 2634 ferrem.

815 2756 967 2807 Scribebam
984 2758 1054 2819 apud
1073 2757 1202 2812 Icosium.
1220 2771 1282 2806 ann.
1301 2754 1332 2804 D.
1354 2752 1421 2803 1883.
