3490 5318
690 587 847 647 ..81-

237 730 361 798 serunt
383 747 391 796 :
414 724 565 796 Garama
583 722 679 795 enim
694 723 903 813 metropolis
918 727 953 794 et
967 721 1105 794 Gillaba
1121 727 1155 794 et
1172 721 1299 813 Telgae,

237 848 377 928 Debris,
390 847 593 930 labidium,
612 847 851 937 Thapsagum,
866 848 968 930 Boin,
984 845 1133 942 Maxala,
1148 847 1298 930 Zizama

237 971 353 1055 Sabae,
381 971 569 1054 Bedirum,
593 971 981 1061 Hammanemtumoue
1001 977 1035 1042 et
1050 972 1302 1061 bannagorum

236 1101 372 1186 gentes,
395 1095 528 1178 omnia,
550 1095 652 1166 nulla
670 1114 708 1167 re
726 1101 856 1186 praeter
880 1095 1033 1186 priscam
1062 1094 1300 1168 celebritatem

236 1219 394 1290 locorum
433 1225 587 1302 mutata,
623 1219 744 1291 adhuc
777 1219 883 1291 etiam
908 1219 1142 1291 inveniuntur
1175 1215 1239 1314 (l).
1274 1218 1303 1291 Α
1408 1239 1411 1243 ·

180 1355 185 1366 ·
238 1343 417 1415 Phazania
431 1343 470 1415 in
491 1344 677 1417 Gaetuliam
697 1350 797 1416 trans
818 1343 1032 1416 solitudines
1052 1362 1161 1434 supra
1174 1343 1300 1415 Numi·

204 1523 207 1528 .
238 1467 333 1539 diam
349 1470 436 1540 sitas
452 1469 673 1541 intercursus
694 1468 803 1540 tiebat
819 1486 882 1559 per
897 1467 1093 1559 Cydamum
1108 1468 1302 1540 Tucrnmu·

238 1590 406 1684 damque,
428 1610 580 1684 quarum
600 1592 698 1683 prior
717 1592 932 1683 praepollens
948 1591 1027 1663 fuit.
1045 1590 1115 1664 Sed
1133 1589 1303 1662 Romanis

238 1734 317 1788 cum
347 1716 498 1789 Gaetulia
527 1717 778 1806 Phazaniaque
805 1717 929 1789 eadem
957 1734 1106 1808 prorsus
1137 1733 1194 1787 res
1221 1715 1301 1787 tuit.

239 1842 379 1913 Primus
402 1841 498 1914 enim
519 1839 706 1913 Cornelius
726 1840 964 1912 Balbusaun.
987 1860 1021 1912 a.
1044 1841 1083 1912 C.
1109 1843 1150 1911 lt
1173 1841 1303 1912 Phaza-
1398 1924 1401 1930 ¹

238 1967 336 2037 niam
366 1984 509 2038 omnem
541 1965 651 2037 victor
682 1970 944 2056 peragraverat,
974 1971 1009 2036 et
1035 1965 1080 2037 de
1106 1983 1148 2036 ea
1173 1965 1302 2036 trium·

238 2089 373 2181 phavit.
412 2090 585 2161 Similiter
603 2089 796 2162 Suetonius
818 2088 1025 2172 Paullinus,
1054 2074 1145 2160 ann.
1173 2090 1215 2160 D.
1241 2090 1322 2172 d0,·

239 2213 300 2286 ubi
329 2214 485 2306 primum
520 2213 711 2305 prouinciae
740 2214 969 2286 Mauretaniae
999 2213 1113 2287 iactae'
1133 2219 1239 2297 sunt,
1270 2221 1305 2285 et

238 2339 394 2411 Gaetnlos
428 2340 511 2410 uicit
544 2344 578 2411 et
609 2339 703 2410 ultra
736 2338 897 2411 Gaetuliae
928 2338 1044 2429 ipsius
1077 2338 1168 2410 lines
1204 2344 1304 2409 trans

238 2463 373 2536 ilumen
394 2464 454 2536 Gir
480 2463 526 2536 ad
553 2463 738 2536 meridiem
758 2464 834 2536 ivit.
858 2464 928 2536 Sed
956 2463 1001 2535 ab
1028 2471 1180 2554 utraque
1203 2470 1303 2554 parte

238 2587 395 2680 insignia
413 2589 508 2661 bella
531 2607 657 2680 parum
681 2588 863 2680 proluere,
886 2595 920 2660 et
940 2589 1118 2660 Phazania
1138 2589 1304 2661 Gaetulia·

239 2730 310 2802 que
323 2731 510 2805 nunquam
526 2731 684 2785 romanae
703 2713 824 2804 Libyae
836 2713 993 2802 periculo
1008 2731 1087 2784 esse
1103 2712 1301 2795 desierunt,

240 2835 310 2908 nisi
336 2831 839 2929 postquam,'dntoninorum
867 2838 1150 2928 Severorumque
1169 2844 1304 2928 tempo-

240 2960 353 3044 ribus,
376 2961 465 3053 ipsae
486 2968 665 3053 occupatae
685 2961 829 3032 fuerunt
851 2985 859 3031 :
883 2960 1039 3053 Cydamo
1058 2962 1172 3042 enim,
1196 2979 1303 3052 quam

240 3084 302 3175 qui
322 3090 419 3157 tenet
438 3087 583 3158 Saharae
598 3085 701 3176 quasi
719 3083 941 3166 dominatur,
958 3084 1127 3174 praesidio
1144 3085 1301 3167 munita,

240 3209 326 3281 hinc
344 3210 580 3293 Phazaniam,
603 3209 665 3281 ubi
685 3215 720 3280 et
744 3209 838 3279 tituli
864 3207 962 3298 apud
985 3209 1073 3278 Boin
1099 3207 1304 3279 ramulum-

241 3330 1301 3428 quali)etruderaubiqueromanammanumdemonstrant,

240 3458 341 3530 illinc
355 3459 514 3532 Gaetuliae
528 3465 647 3550 partes
662 3457 838 3531 Numidiae
852 3457 1045 3548 provinciae
1059 3457 1207 3540 uicinas,
1225 3473 1305 3548 quaa

240 3580 470 3656 fertilissimae
484 3583 653 3675 planities
668 3588 752 3654 sunt
767 3590 802 3655 et
816 3581 967 3654 urbibus
983 3582 1191 3672 colonisque
1205 3580 1304 3654 brevi

272 3917 306 3984 (l)
324 3915 421 3972 Vivlen
433 3922 465 3971 do
476 3915 666 3979 Salat-Martin,
684 3919 712 3972 Le
726 3921 795 3973 Nord
808 3923 838 3972 de
853 3914 984 3986 l'dtriquo,
999 3937 1024 3986 p.
1043 3915 1156 3974 tlt-tlt.

272 4009 623 4076 wermudam

272 4100 420 4151 decentiore
437 4101 547 4150 comino
561 4115 571 4150 .·
586 4100 622 4150 he
638 4098 752 4159 Fezzan,
772 4099 887 4166 himma,
901 4099 1064 4153 Mourzoukh
1084 4111 1143 4162 quae
1160 4101 1186 4148 et
1199 4090 1303 4156 zebah,

240 4187 435 4251 Onam-Talna,
449 4188 565 4252 soora,
580 4188 725 4252 leuony-e,
739 4188 872 4252 Tassava‚
888 4189 1035 4250 Bondjem,
1054 4188 1189 4248 Mechaal,
1203 4184 1305 4238 Ouadi-

241 4277 371 4341 Zemzem,
386 4277 481 4336 Sebba.
496 4278 585 4341 Bedir,
600 4283 692 4343 gentes
705 4293 738 4330 ex
759 4279 906 4332 flammaue
925 4280 1041 4343 regione,
1062 4276 1213 4340 Denhadja,
1229 4271 1302 4324 Gho-

242 4366 343 4419 dantes.

1124 4459 1141 4517 6
