3498 5324
872 599 1012 658 ..μ

387 741 516 812 iterum
536 739 711 830 aggressis
726 739 808 829 plus
824 738 980 808 minusa
999 738 1177 808 sententia
1196 739 1355 810 hluelleri
1374 740 1503 812 ahhor-

388 845 506 910 rentes
543 837 730 908 senteotiae
764 835 982 925 placuerint,
1017 835 1213 906 doctissimi
1245 835 1422 908 homines.
1453 841 1503 910 lie

388 937 607 1008 Mommseno
623 935 696 1023 jam
718 951 796 1004 sum
819 932 991 1004 dicturus.
1014 935 1064 1005 lie
1082 933 1281 1004 Cavcdonio
1304 935 1379 1006 viro
1403 935 1503 1006 illus·

388 1033 545 1105 trissimo
562 1031 653 1102 dixit
672 1032 749 1120 ipse
765 1031 969 1111 Muellerus
989 1038 1179 1120 postquam
1195 1033 1305 1103 semel
1325 1033 1502 1104 etiterum

388 1149 461 1202 rem
480 1129 612 1201 luhani
633 1128 730 1219 regni
752 1135 786 1198 et
805 1127 975 1217 temporis
996 1129 1283 1200 numismaticam
1300 1130 1405 1201 solita
1424 1130 1503 1201 doc

389 1229 482 1299 trina
502 1227 757 1318 diligentiaque
781 1225 897 1315 attigit
918 1223 982 1317 (l).
1006 1224 1338 1298 Additamentorum
1361 1247 1503 1317 quoque

387 1326 553 1397 volumen
569 1342 655 1394 ann.
673 1326 715 1393 n.
739 1325 830 1392 t87t
845 1341 866 1392 a
880 1322 1048 1393 llluellero
1067 1323 1201 1394 editum
1220 1331 1382 1396 excutere
1398 1345 1502 1398 nemo

387 1423 651 1514 praetermittat,
680 1420 742 1510 qui
761 1420 883 1490 omnia
907 1419 964 1490 his
990 1419 1034 1492 de
1054 1421 1161 1494 rebus
1178 1423 1426 1511 percensuisse
1447 1442 1503 1493 vo-

387 1521 505 1594 luerit.
518 1521 615 1590 Nova
633 1527 751 1590 tamen
771 1525 806 1588 et
825 1517 974 1607 posthac
993 1518 1157 1606 quaedam
1174 1518 1272 1590 dedit
1290 1519 1366 1610 ipse
1383 1538 1500 1600 casus,

325 1647 327 1650 ¹
389 1626 427 1690 ut
454 1636 601 1689 aureum
623 1614 804 1688 Ptolemaei
831 1631 1017 1686 nummum
1047 1615 1324 1696 Caesariensem,
1357 1617 1502 1690 unicum

389 1716 507 1787 adhuc
533 1723 568 1786 et
591 1713 714 1786 multis
741 1712 858 1783 modis
885 1714 1117 1804 conspicuum
1173 1713 1217 1785 de
1243 1733 1314 1803 quo
1340 1716 1417 1806 ipse
1443 1734 1506 1806 ego

389 1814 425 1884 in
446 1811 602 1882 Balletr'ra
620 1811 663 1880 da
684 1809 988 1902 correspoadaaoe
1007 1809 1200 1902 asra‘car'ae,
1226 1814 1331 1891 l88t,
1354 1813 1439 1884 fasc.
1461 1815 1502 1882 V.

437 1913 489 1982 En
510 1911 616 1982 etiam
637 1911 848 1989 Mommsen,
871 1908 1029 1980 romanis
1049 1909 1086 1979 in
1108 1909 1214 1980 rehus
1237 1910 1436 1981 scribendis
1456 1910 1505 1980 la·

389 2008 455 2080 uile
476 2015 574 2080 trans
599 2007 762 2079 Rhenum
786 2005 974 2096 princeps,
1004 2006 1040 2076 in
1070 2003 1314 2097 Eptarrarr'da
1337 2005 1504 2099 Epigra·
1627 2005 1639 2014 '

385 2105 504 2196 phr'ca,
526 2107 631 2186 1873,
651 2124 687 2193 p.
711 2105 884 2184 nro-tro,
904 2102 988 2173 dum
1009 2103 1053 2174 de
1074 2104 1313 2194 Pythodoride
1334 2106 1436 2177 Ponti
1453 2124 1505 2175 re-

388 2204 490 2293 gina,
521 2221 627 2291 quam
655 2203 702 2272 hl.
735 2200 881 2271 Antonii
911 2200 1024 2270 lllviri
1054 2209 1196 2290 neptem
1221 2220 1262 2273 er
1293 2202 1367 2273 filia
1395 2203 1506 2274 inisse

388 2301 622 2380 demonstrat,
644 2297 801 2379 disserit,
824 2297 860 2368 in
882 2297 1102 2386 Cleopatram
1121 2300 1235 2376 lubae,
1258 2307 1293 2370 et
1311 2301 1505 2372 necessitu-

388 2398 472 2469 dine
487 2404 521 2470 et
535 2397 763 2485 aliquatenus
779 2395 885 2466 sortis
897 2395 1133 2467 similitudine
1148 2397 1378 2487 Pythodoridi
1392 2399 1506 2488 proxi·

388 2513 496 2577 mam,
519 2493 657 2565 incidit.
678 2493 765 2563 lnde
780 2510 821 2563 en
841 2490 1042 2562 Corollaria
1059 2493 1102 2561 de
1121 2491 1309 2584 Cleopatra
1323 2492 1427 2564 Jabaa
1445 2515 1505 2586 pa-

387 2593 480 2683 ginis
501 2592 545 2664 de
566 2592 669 2662 Ponti
689 2591 810 2681 regina
830 2591 1039 2680 subjuncta,
1063 2591 1152 2662 mira
1172 2592 1502 2674 dissertatiuncula,

388 2709 459 2780 qua
482 2691 585 2781 pluro
610 2696 644 2760 et
665 2687 875 2778 gravissima
898 2689 1012 2777 spatio
1035 2708 1142 2779 parvo
1168 2691 1402 2761 enuntiantur
1424 2709 1505 2781 pro-

387 2787 569 2876 deunlque
595 2787 689 2857 tituli
717 2785 814 2856 haud
842 2785 1030 2858 mediocris
1057 2787 1227 2858 momenti
1254 2788 1317 2876 qui
1343 2788 1504 2859 nondum

386 2886 630 2956 innotuerant.

435 2982 558 3054 Ultimi
578 2982 722 3053 tandem
742 2988 932 3053 occurrunt
952 2984 990 3052 B.
1012 2982 1116 3054 Niese
1139 2979 1186 3075 (t)
1210 2990 1244 3055 et
1264 2984 1319 3053 Pr.
1339 2984 1432 3054 Riihl
1454 2980 1500 3074 (5)

386 3079 559 3152 circadas
587 3077 785 3170 Todesjalar
803 3075 926 3148 Jata’s
944 3076 989 3148 Il
1006 3081 1079 3169 jam
1101 3080 1318 3170 disparatam
1339 3100 1359 3150 a
1381 3081 1504 3152 multis

386 3186 596 3251 renovantes
615 3177 890 3249 controversiam
912 3200 920 3247 ι
943 3196 1095 3268 quorum
1119 3177 1193 3258 hic,
1216 3186 1406 3268 postquam
1427 3196 1501 3248 me-

386 3277 453 3345 rito
476 3276 605 3364 prioris
625 3276 831 3366 opinionem
852 3275 1044 3346 confutavit
1064 3295 1145 3365 quae
1168 3276 1296 3346 luham
1326 3282 1503 3346 mortuum

385 3373 463 3443 vivo
483 3372 641 3462 Augusto
662 3372 809 3454 laceret,
837 3392 923 3443 ann.
943 3375 985 3442 D.
1005 3375 1049 3442 25
1074 3381 1166 3446 recte
1185 3393 1206 3443 a
1224 3373 1393 3445 Muellero
1412 3372 1506 3444 indi·

386 3476 502 3540 catum
515 3483 562 3541 ‘se
582 3487 726 3559 quoque
745 3471 887 3542 credere
907 3471 1049 3541 latetur.

435 3568 568 3637 Horum
596 3568 757 3638 omnium
789 3568 1014 3656 aliorumque
1044 3568 1185 3658 scriptis
1210 3568 1390 3658 quomodo
1418 3587 1505 3639 usus

387 3665 453 3736 sim
482 3664 686 3736 dicendum.
712 3665 834 3754 Neque
858 3666 954 3736 enim
982 3666 1021 3735 in
1048 3666 1168 3736 anima
1195 3673 1250 3737 est
1274 3667 1395 3737 omnia
1425 3684 1505 3754 quae

386 3761 431 3834 de
445 3780 525 3853 rege
542 3762 633 3833 luha
653 3769 792 3853 reperta
809 3769 870 3833 aut
890 3763 1084 3852 excogitata
1100 3770 1185 3834 sunt
1199 3763 1363 3853 colligere
1383 3770 1417 3833 ot
1436 3763 1506 3834 dis·

385 3859 503 3948 posita
521 3859 694 3949 praehere,
716 3859 780 3931 sed
800 3859 932 3950 potius,
950 3861 988 3929 ni
1008 3859 1100 3930 vires
1118 3859 1256 3942 taliam,
1275 3879 1318 3931 ex
1339 3861 1396 3932 his
1413 3860 1506 3949 regis

386 3956 558 4046 regnique
586 3957 772 4028 historiam
801 3956 999 4028 extrahere.
1028 3958 1104 4042 Quo
1132 3957 1262 4030 lactum
1292 3957 1504 4046 astutiam

417 4184 453 4295 gl)
472 4181 538 4231 Ball.
560 4183 629 4232 arch.
645 4181 718 4243 ilat,
742 4181 812 4238 4863,
829 4195 901 4230 num.
915 4181 955 4238 tt,
974 4183 1023 4242 232
1046 4184 1136 4246 Optare.
1158 4184 1231 4246 reliq.
1250 4183 1326 4234 elett.
1348 4184 1376 4232 di
1390 4184 1504 4241 hodera,

388 4245 457 4369 ¹⁸a³l
471 4243 583 4380 ἓῗνῗῖἰεξζ
596 4305 673 4366 xur,
689 4321 714 4368 p.
733 4305 762 4356 35
775 4311 801 4357 a
814 4320 868 4370 seq.

420 4370 453 4431 (3)
469 4369 622 4420 Parparos
635 4369 772 4426 latraret.
792 4368 859 4430 tata,
874 4385 900 4434 p.
919 4368 1032 4420 tlt-att.
