3490 5318
714 563 894 628 —113-

269 699 446 772 utebatur.
469 700 632 772 Ceterum
653 700 817 772 Historia
838 702 1003 774 Romane
1026 726 1047 776 a
1068 707 1189 779 multis
1209 717 1333 798 postea
1421 715 1425 726 ’

268 823 500 914 scriptoribus
515 825 623 898 iontis
640 826 716 899 loco
732 829 855 901 hahita
869 823 935 913 est,
955 831 1133 920 praecipue
1149 831 1327 922 Appiano,

268 949 474 1033 Plutarcho,
493 951 616 1023 Cassio
637 953 768 1037 Dione,
792 961 826 1026 et
846 955 1024 1045 sequioris
1046 956 1110 1026 aevi
1130 957 1331 1031 innumeris

267 1076 560 1166 epitomatorihus
600 1078 881 1170 chronographis
924 1098 1115 1170 rerumque
1159 1082 1326 1154 collecto-

268 1199 383 1271 ribus.
1130 1263 1132 1268 .

315 1325 481 1416 Magnum
495 1344 639 1416 quoquc
654 1344 744 1416 opus
755 1327 867 1399 luisse
883 1323 1089 1420 ὀμοιότητας
1102 1329 1273 1401 discimus
1289 1348 1331 1403 ex

268 1450 420 1540 eoquod
440 1469 561 1523 earum
584 1451 675 1523 liher
695 1431 744 1522 {ru
762 1452 858 1542 apud
879 1453 1093 1542 Hesychium
1118 1450 1163 1546 (l)
1188 1455 1328 1527 citatur.

192 1595 194 1600 ·
268 1575 424 1645 Fuerunt
440 1574 495 1646 hae
507 1575 667 1664 ejusdem
684 1576 793 1646 ferme
808 1577 948 1680 generis
964 1594 1005 1647 ac
1021 1576 1102 1647 libri
1120 1596 1210 1666 quos
1227 1579 1330 1650 multi

268 1700 486 1789 scripserunt
504 1701 609 1767 αἰτιῶν
629 1702 788 1784 nomine,
808 1702 1002 1773 Varronem
1020 1702 1056 1771 in
1076 1699 1185 1770 AEtiis
1204 1703 1328 1783 secuti,

268 1823 328 1914 qui
357 1823 563 1896 Callimachi
591 1826 793 1917 exemplum
823 1828 899 1916 ipse
926 1827 1084 1899 imitatus
1107 1827 1234 1899 iuerat.
1260 1828 1331 1899 Nos

266 1956 383 2021 autem
409 1949 588 2022 Plutarchi
610 1950 784 2022 hahemus
809 1949 1021 2027 Qcoestiooes
1038 1972 1209 2021 romanos
1228 1971 1327 2032 curu,

267 2093 347 2164 quae
366 2073 472 2146 nohis
493 2075 610 2164 qualis
630 2075 736 2147 fuerit
755 2075 962 2166 hujusmodi
983 2094 1130 2166 operum
1155 2077 1244 2148 ratio
1265 2096 1328 2168 op-

266 2201 352 2271 timo
372 2201 535 2290 exemplo
555 2201 762 2272 ostendunt.
781 2201 940 2292 Magnam
958 2208 1076 2273 autem
1093 2208 1228 2291 partem
1250 2201 1331 2274 doe

266 2326 369 2396 trinae
389 2344 496 2415 quam
518 2326 555 2396 in
579 2323 832 2402 Qooestioaibos
850 2325 1014 2408 exhibet,
1038 2327 1265 2398 Plutarchum
1287 2348 1328 2400 ex

265 2449 364 2521 lubae
385 2450 509 2539 utique
534 2445 744 2542 ‘occur-dccv
765 2450 932 2522 hausisse
951 2469 1047 2520 nunc
1065 2450 1171 2541 plane
1190 2468 1330 2542 compe·

268 2574 330 2656 rit;
350 2592 416 2646 nec
435 2574 584 2645 forsitan
606 2575 717 2645 multo
738 2575 852 2665 ipsius
880 2575 1010 2646 luhani
1034 2576 1152 2666 operis
1176 2576 1331 2646 formae

265 2697 377 2769 torma
396 2697 596 2769 Plutarchei
610 2698 745 2770 aberat.
764 2698 868 2788 Apud
884 2699 1130 2779 Plutarchum,
1146 2699 1208 2788 qui
1224 2699 1328 2770 etiam

267 2823 484 2914 quaestiones
499 2841 642 2914 graecas,
662 2823 869 2913 questiones
885 2822 1094 2913 platonicas,
1113 2824 1331 2913 quaestiones

265 2946 459 3029 naturales,
478 2947 696 3037 quaestiones
712 2948 925 3029 convivales,
944 2949 1161 3038 quaestiones
1178 2949 1222 3019 de
1234 2949 1332 3020 Arati

266 3071 377 3162 signis
397 3071 545 3152 lecerat,
569 3057 669 3144 ratio
679 3072 797 3162 operis
818 3073 894 3144 haec
920 3078 974 3143 est
996 3096 1004 3142 :
1028 3072 1161 3143 scilicet
1181 3070 1224 3143 de
1245 3089 1331 3142 una-

266 3214 408 3288 quaque
428 3215 464 3267 re
484 3198 635 3287 quaestio
655 3196 857 3268 instituitur
881 3196 948 3267 suh
968 3196 1120 3266 formula
1139 3196 1332 3286 interroga·

265 3320 336 3392 tiva
349 3315 402 3388 διὰ
415 3321 448 3388 τί
467 3319 553 3415 (cur,
574 3321 727 3412 exempli
743 3321 867 3412 gratia,
885 3319 981 3411 apud
1000 3321 1178 3392 Romanos
1193 3317 1333 3390 Telesia

266 3444 302 3514 in
323 3445 460 3537 nuptiis
481 3442 672 3536 clamanti)
690 3469 699 3528 ;
717 3445 800 3517 dein
822 3443 971 3516 retertur
987 3421 1164 3516 sententia
1178 3444 1332 3516 auctoris

266 3569 465 3660 cujusdam,
487 3578 547 3642 aut
568 3571 723 3661 plurium
745 3569 775 3641 sl
795 3568 916 3659 plures
936 3555 1076 3639 diversa
1094 3573 1329 3648 eensuerunt;

265 3701 388 3785 postea
408 3695 652 3778 conteruntur,
670 3693 914 3784 dijudicatque
933 3692 1050 3782 operis
1069 3693 1244 3764 conditor.
1263 3691 1332 3763 Sed

264 3821 355 3890 luha
380 3820 441 3910 qui
462 3809 592 3891 Graecis
614 3818 810 3897 scrihebat,
834 3817 934 3889 aliud
953 3823 1082 3906 praeter
1102 3813 1330 3886 definitiones

266 3942 372 4016 dabat
395 3969 402 4014 :
426 3963 538 4034 graeco
558 3943 653 4014 enim
675 3943 859 4023 vocabulo,
879 3942 909 4013 si
930 3938 1133 4030 quoderat,
1152 3939 1330 4030 apposito,

265 4086 595 4160 unamquamquee
618 4068 724 4140 robus
745 4067 904 4138 romanis
925 4083 1004 4136 cum
1024 4083 1136 4154 graeca
1155 4083 1192 4134 re
1217 4063 1332 4134 oonsi-

295 4323 328 4386 (l)
350 4319 474 4386 hesych,
492 4337 512 4374 s.
530 4337 554 4374 u.
572 4335 596 4374 u.
615 4321 732 4390 Κάρτη.
750 4321 876 4389 Κόρτην.

427 4434 456 4475 a.
1148 4407 1166 4470 8
